<?xml version="1.0" encoding="UTF-8"?>
<!DOCTYPE html PUBLIC "-//W3C//DTD XHTML 1.0 Transitional//EN"
    "http://www.w3.org/TR/xhtml1/DTD/xhtml1-transitional.dtd">
<html xmlns="http://www.w3.org/1999/xhtml" xml:lang="en" lang="en">
 <head>
  <title>
</title>
<meta http-equiv="Content-Type" content="text/html;charset=utf-8" />
  <meta name='ocr-system' content='tesseract 3.04.00' />
  <meta name='ocr-capabilities' content='ocr_page ocr_carea ocr_par ocr_line ocrx_word'/>
</head>
<body>
  <div class='ocr_page' id='page_1' title='image "./registrumepisco02innegoog_0288.png"; bbox 0 0 4050 5534; ppageno 0'>
   <div class='ocr_carea' id='block_1_1' title="bbox 439 620 1784 745">
    <p class='ocr_par' dir='ltr' id='par_1_1' title="bbox 439 620 1784 745">
     <span class='ocr_line' id='line_1_1' title="bbox 439 620 1784 745; baseline -0.007 -39"><span class='ocrx_word' id='word_1_1' title='bbox 439 636 510 706; x_wconf 77' lang='lat' dir='ltr'><strong>soe</strong></span> <span class='ocrx_word' id='word_1_2' title='bbox 958 620 1266 697; x_wconf 81' lang='lat' dir='ltr'><strong>uucrsrsuu</strong></span> <span class='ocrx_word' id='word_1_3' title='bbox 1523 735 1528 745; x_wconf 20' lang='grc' dir='ltr'><strong><em>Ι</em></strong></span> <span class='ocrx_word' id='word_1_4' title='bbox 1633 627 1784 723; x_wconf 70' lang='lat' dir='ltr'><strong>[socon</strong></span> 
     </span>
    </p>
   </div>
   <div class='ocr_carea' id='block_1_2' title="bbox 440 819 1783 1031">
    <p class='ocr_par' dir='ltr' id='par_1_2' title="bbox 440 819 1783 1031">
     <span class='ocr_line' id='line_1_2' title="bbox 440 819 1783 919; baseline -0.006 -16"><span class='ocrx_word' id='word_1_5' title='bbox 440 830 634 905; x_wconf 87' lang='lat' dir='ltr'><strong>dunensem</strong></span> <span class='ocrx_word' id='word_1_6' title='bbox 658 831 703 904; x_wconf 92' lang='lat' dir='ltr'><strong>ad</strong></span> <span class='ocrx_word' id='word_1_7' title='bbox 729 827 984 901; x_wconf 88' lang='lat' dir='ltr'><strong>celebrandum</strong></span> <span class='ocrx_word' id='word_1_8' title='bbox 1011 819 1160 917; x_wconf 77' lang='lat' dir='ltr'><strong>siugulis</strong></span> <span class='ocrx_word' id='word_1_9' title='bbox 1182 822 1287 893; x_wconf 86' lang='lat' dir='ltr'><strong>anuis</strong></span> <span class='ocrx_word' id='word_1_10' title='bbox 1307 821 1366 895; x_wconf 91' lang='lat' dir='ltr'><strong>die</strong></span> <span class='ocrx_word' id='word_1_11' title='bbox 1382 822 1471 895; x_wconf 90' lang='lat' dir='ltr'><strong>lune</strong></span> <span class='ocrx_word' id='word_1_12' title='bbox 1490 848 1555 919; x_wconf 89' lang='lat' dir='ltr'><strong>per</strong></span> <span class='ocrx_word' id='word_1_13' title='bbox 1578 825 1783 896; x_wconf 87' lang='lat' dir='ltr'><strong>ebdomidaa</strong></span> 
     </span>
     <span class='ocr_line' id='line_1_3' title="bbox 442 931 1542 1031; baseline -0.018 -18"><span class='ocrx_word' id='word_1_14' title='bbox 442 967 549 1016; x_wconf 90' lang='lat' dir='ltr'><strong>vuam</strong></span> <span class='ocrx_word' id='word_1_15' title='bbox 567 939 704 1015; x_wconf 86' lang='lat' dir='ltr'><strong>missam</strong></span> <span class='ocrx_word' id='word_1_16' title='bbox 722 942 810 1014; x_wconf 91' lang='lat' dir='ltr'><strong>hora</strong></span> <span class='ocrx_word' id='word_1_17' title='bbox 826 940 966 1013; x_wconf 87' lang='lat' dir='ltr'><strong>decima</strong></span> <span class='ocrx_word' id='word_1_18' title='bbox 983 936 1029 1009; x_wconf 87' lang='lat' dir='ltr'><strong>ad</strong></span> <span class='ocrx_word' id='word_1_19' title='bbox 1046 936 1161 1007; x_wconf 89' lang='lat' dir='ltr'><strong>altare</strong></span> <span class='ocrx_word' id='word_1_20' title='bbox 1177 931 1291 1007; x_wconf 78' lang='lat' dir='ltr'><strong>unas</strong></span> <span class='ocrx_word' id='word_1_21' title='bbox 1309 932 1515 1031; x_wconf 87' lang='lat' dir='ltr'><strong>Maucborij</strong></span> <span class='ocrx_word' id='word_1_22' title='bbox 1533 978 1542 993; x_wconf 93' lang='lat'><strong><em>.</em></strong></span> 
     </span>
    </p>
   </div>
   <div class='ocr_carea' id='block_1_3' title="bbox 335 1157 1781 1257">
    <p class='ocr_par' dir='ltr' id='par_1_3' title="bbox 335 1157 1781 1257">
     <span class='ocr_line' id='line_1_4' title="bbox 335 1157 1781 1257; baseline -0.003 -20"><span class='ocrx_word' id='word_1_23' title='bbox 335 1166 342 1195; x_wconf 82' lang='lat'><strong><em>¹</em></strong></span> <span class='ocrx_word' id='word_1_24' title='bbox 442 1167 568 1240; x_wconf 91' lang='lat' dir='ltr'><strong>Idibus</strong></span> <span class='ocrx_word' id='word_1_25' title='bbox 586 1166 808 1239; x_wconf 89' lang='lat' dir='ltr'><strong>Nouembris</strong></span> <span class='ocrx_word' id='word_1_26' title='bbox 824 1164 890 1237; x_wconf 83' lang='lat' dir='ltr'><strong>fiet</strong></span> <span class='ocrx_word' id='word_1_27' title='bbox 906 1162 1096 1235; x_wconf 90' lang='lat' dir='ltr'><strong>annuatim</strong></span> <span class='ocrx_word' id='word_1_28' title='bbox 1113 1157 1395 1233; x_wconf 86' lang='lat' dir='ltr'><strong>anniuersarium</strong></span> <span class='ocrx_word' id='word_1_29' title='bbox 1411 1158 1572 1257; x_wconf 80' lang='lat' dir='ltr'><strong>magistri</strong></span> <span class='ocrx_word' id='word_1_30' title='bbox 1592 1162 1781 1254; x_wconf 83' lang='lat' dir='ltr'><strong>Laureucij</strong></span> 
     </span>
    </p>
   </div>
   <div class='ocr_carea' id='block_1_4' title="bbox 359 1270 1858 1598">
    <p class='ocr_par' dir='ltr' id='par_1_4' title="bbox 359 1270 1858 1598">
     <span class='ocr_line' id='line_1_5' title="bbox 359 1270 1782 1371; baseline -0.006 -19"><span class='ocrx_word' id='word_1_31' title='bbox 359 1361 360 1365; x_wconf 8' lang='grc' dir='ltr'><strong>Ἰ</strong></span> <span class='ocrx_word' id='word_1_32' title='bbox 442 1280 611 1353; x_wconf 86' lang='lat' dir='ltr'><strong>Duncani</strong></span> <span class='ocrx_word' id='word_1_33' title='bbox 639 1279 778 1371; x_wconf 92' lang='lat' dir='ltr'><strong>dequo</strong></span> <span class='ocrx_word' id='word_1_34' title='bbox 805 1273 1101 1349; x_wconf 80' lang='lat' dir='ltr'><strong>commemoratio</strong></span> <span class='ocrx_word' id='word_1_35' title='bbox 1127 1270 1298 1344; x_wconf 88' lang='lat' dir='ltr'><strong>videlicet</strong></span> <span class='ocrx_word' id='word_1_36' title='bbox 1326 1296 1378 1347; x_wconf 82' lang='lat' dir='ltr'><strong>xx</strong></span> <span class='ocrx_word' id='word_1_37' title='bbox 1406 1271 1525 1346; x_wconf 87' lang='lat' dir='ltr'><strong>solidis</strong></span> <span class='ocrx_word' id='word_1_38' title='bbox 1548 1273 1714 1347; x_wconf 90' lang='lat' dir='ltr'><strong>leuandis</strong></span> <span class='ocrx_word' id='word_1_39' title='bbox 1739 1275 1782 1346; x_wconf 91' lang='lat' dir='ltr'><strong>de</strong></span> 
     </span>
     <span class='ocr_line' id='line_1_6' title="bbox 442 1381 1858 1481; baseline -0.005 -20"><span class='ocrx_word' id='word_1_40' title='bbox 442 1393 581 1465; x_wconf 87' lang='lat' dir='ltr'><strong>duabus</strong></span> <span class='ocrx_word' id='word_1_41' title='bbox 598 1391 722 1464; x_wconf 88' lang='lat' dir='ltr'><strong>crustis</strong></span> <span class='ocrx_word' id='word_1_42' title='bbox 748 1398 786 1463; x_wconf 89' lang='lat' dir='ltr'><strong>et</strong></span> <span class='ocrx_word' id='word_1_43' title='bbox 811 1384 934 1461; x_wconf 89' lang='lat' dir='ltr'><strong>manso</strong></span> <span class='ocrx_word' id='word_1_44' title='bbox 958 1384 1136 1457; x_wconf 85' lang='lat' dir='ltr'><strong>Jobannis</strong></span> <span class='ocrx_word' id='word_1_45' title='bbox 1159 1382 1306 1477; x_wconf 87' lang='lat' dir='ltr'><strong>Kyntor</strong></span> <span class='ocrx_word' id='word_1_46' title='bbox 1330 1381 1516 1481; x_wconf 78' lang='lat' dir='ltr'><strong>burgensis</strong></span> <span class='ocrx_word' id='word_1_47' title='bbox 1539 1387 1585 1458; x_wconf 89' lang='lat' dir='ltr'><strong>de</strong></span> <span class='ocrx_word' id='word_1_48' title='bbox 1611 1386 1782 1459; x_wconf 87' lang='lat' dir='ltr'><strong>Aberden</strong></span> <span class='ocrx_word' id='word_1_49' title='bbox 1853 1434 1858 1454; x_wconf 53' lang='lat' dir='ltr'><strong>r</strong></span> 
     </span>
     <span class='ocr_line' id='line_1_7' title="bbox 443 1494 1487 1598; baseline -0.009 -21"><span class='ocrx_word' id='word_1_50' title='bbox 443 1514 549 1598; x_wconf 93' lang='lat' dir='ltr'><strong>prout</strong></span> <span class='ocrx_word' id='word_1_51' title='bbox 567 1506 604 1575; x_wconf 93' lang='lat' dir='ltr'><strong>in</strong></span> <span class='ocrx_word' id='word_1_52' title='bbox 622 1512 722 1575; x_wconf 89' lang='lat' dir='ltr'><strong>carta</strong></span> <span class='ocrx_word' id='word_1_53' title='bbox 739 1498 890 1594; x_wconf 80' lang='lat' dir='ltr'>desuper</span> <span class='ocrx_word' id='word_1_54' title='bbox 907 1498 1070 1571; x_wconf 73' lang='lat' dir='ltr'><strong>coniecta</strong></span> <span class='ocrx_word' id='word_1_55' title='bbox 1086 1494 1229 1589; x_wconf 86' lang='lat' dir='ltr'><strong>plenius</strong></span> <span class='ocrx_word' id='word_1_56' title='bbox 1253 1498 1463 1569; x_wconf 89' lang='lat' dir='ltr'><strong>continetur</strong></span> <span class='ocrx_word' id='word_1_57' title='bbox 1479 1538 1487 1555; x_wconf 92' lang='lat'><strong>·</strong></span> 
     </span>
    </p>
   </div>
   <div class='ocr_carea' id='block_1_5' title="bbox 443 1716 1784 2485">
    <p class='ocr_par' dir='ltr' id='par_1_5' title="bbox 443 1716 1784 2485">
     <span class='ocr_line' id='line_1_8' title="bbox 443 1716 1783 1822; baseline -0.007 -20"><span class='ocrx_word' id='word_1_58' title='bbox 443 1728 643 1802; x_wconf 88' lang='lat' dir='ltr'><strong>Duncauus</strong></span> <span class='ocrx_word' id='word_1_59' title='bbox 661 1726 850 1822; x_wconf 81' lang='lat' dir='ltr'><strong>Lychtone</strong></span> <span class='ocrx_word' id='word_1_60' title='bbox 867 1722 1102 1797; x_wconf 78' lang='lat' dir='ltr'><strong>cancellarius</strong></span> <span class='ocrx_word' id='word_1_61' title='bbox 1118 1716 1388 1793; x_wconf 86' lang='lat' dir='ltr'><strong>Aberdoueusrs</strong></span> <span class='ocrx_word' id='word_1_62' title='bbox 1400 1720 1622 1816; x_wconf 74' lang='lat' dir='ltr'><strong>neariusque</strong></span> <span class='ocrx_word' id='word_1_63' title='bbox 1638 1719 1783 1795; x_wconf 87' lang='lat' dir='ltr'><strong>ecclefie</strong></span> 
     </span>
     <span class='ocr_line' id='line_1_9' title="bbox 443 1832 1784 1927; baseline -0.004 -15"><span class='ocrx_word' id='word_1_64' title='bbox 443 1840 656 1914; x_wconf 90' lang='lat' dir='ltr'><strong>cathedralis</strong></span> <span class='ocrx_word' id='word_1_65' title='bbox 679 1832 930 1912; x_wconf 84' lang='lat' dir='ltr'><strong>Brachiueusrs</strong></span> <span class='ocrx_word' id='word_1_66' title='bbox 953 1856 1061 1906; x_wconf 76' lang='lat' dir='ltr'><strong>unam</strong></span> <span class='ocrx_word' id='word_1_67' title='bbox 1087 1832 1256 1904; x_wconf 85' lang='lat' dir='ltr'><strong>fundauit</strong></span> <span class='ocrx_word' id='word_1_68' title='bbox 1279 1834 1515 1927; x_wconf 71' lang='lat' dir='ltr'><strong>capellaniam</strong></span> <span class='ocrx_word' id='word_1_69' title='bbox 1543 1838 1668 1908; x_wconf 92' lang='lat' dir='ltr'><strong>decem</strong></span> <span class='ocrx_word' id='word_1_70' title='bbox 1693 1858 1784 1907; x_wconf 91' lang='lat' dir='ltr'><strong>mar·</strong></span> 
     </span>
     <span class='ocr_line' id='line_1_10' title="bbox 443 1942 1783 2025; baseline -0.006 0"><span class='ocrx_word' id='word_1_71' title='bbox 443 1976 566 2025; x_wconf 89' lang='lat' dir='ltr'><strong>carum</strong></span> <span class='ocrx_word' id='word_1_72' title='bbox 584 1953 695 2022; x_wconf 89' lang='lat' dir='ltr'><strong>trium</strong></span> <span class='ocrx_word' id='word_1_73' title='bbox 713 1947 904 2021; x_wconf 91' lang='lat' dir='ltr'><strong>solidorum</strong></span> <span class='ocrx_word' id='word_1_74' title='bbox 919 1956 957 2017; x_wconf 90' lang='lat' dir='ltr'><strong>et</strong></span> <span class='ocrx_word' id='word_1_75' title='bbox 969 1944 1030 2016; x_wconf 85' lang='lat' dir='ltr'><strong>sex</strong></span> <span class='ocrx_word' id='word_1_76' title='bbox 1044 1942 1270 2016; x_wconf 87' lang='lat' dir='ltr'><strong>denariorum</strong></span> <span class='ocrx_word' id='word_1_77' title='bbox 1287 1946 1331 2019; x_wconf 88' lang='lat' dir='ltr'><strong>ad</strong></span> <span class='ocrx_word' id='word_1_78' title='bbox 1350 1947 1464 2020; x_wconf 88' lang='lat' dir='ltr'><strong>altare</strong></span> <span class='ocrx_word' id='word_1_79' title='bbox 1480 1942 1593 2023; x_wconf 74' lang='lat' dir='ltr'><strong>sanci</strong></span> <span class='ocrx_word' id='word_1_80' title='bbox 1608 1948 1635 2019; x_wconf 85' lang='lat' dir='ltr'>J</span> <span class='ocrx_word' id='word_1_81' title='bbox 1636 1948 1783 2021; x_wconf 86' lang='lat' dir='ltr'><strong>ohannis</strong></span> 
     </span>
     <span class='ocr_line' id='line_1_11' title="bbox 443 2054 1782 2160; baseline -0.003 -25"><span class='ocrx_word' id='word_1_82' title='bbox 443 2060 689 2160; x_wconf 86' lang='lat' dir='ltr'><strong>euuangeliste</strong></span> <span class='ocrx_word' id='word_1_83' title='bbox 706 2062 799 2133; x_wconf 86' lang='lat' dir='ltr'><strong>iufra</strong></span> <span class='ocrx_word' id='word_1_84' title='bbox 814 2054 1000 2133; x_wconf 76' lang='lat' dir='ltr'><strong>ecclesiam</strong></span> <span class='ocrx_word' id='word_1_85' title='bbox 1019 2054 1262 2128; x_wconf 76' lang='lat' dir='ltr'><strong>cathedralem</strong></span> <span class='ocrx_word' id='word_1_86' title='bbox 1276 2056 1597 2131; x_wconf 91' lang='lat' dir='ltr'><strong>Abberdonensem</strong></span> <span class='ocrx_word' id='word_1_87' title='bbox 1614 2057 1782 2133; x_wconf 76' lang='lat' dir='ltr'><strong>situatum</strong></span> 
     </span>
     <span class='ocr_line' id='line_1_12' title="bbox 443 2167 1784 2271; baseline -0.003 -24"><span class='ocrx_word' id='word_1_88' title='bbox 443 2201 508 2271; x_wconf 92' lang='lat' dir='ltr'><strong>pro</strong></span> <span class='ocrx_word' id='word_1_89' title='bbox 526 2200 597 2270; x_wconf 90' lang='lat' dir='ltr'><strong>qua</strong></span> <span class='ocrx_word' id='word_1_90' title='bbox 613 2174 758 2269; x_wconf 88' lang='lat' dir='ltr'><strong>quidem</strong></span> <span class='ocrx_word' id='word_1_91' title='bbox 777 2171 976 2265; x_wconf 86' lang='lat' dir='ltr'><strong>capellania</strong></span> <span class='ocrx_word' id='word_1_92' title='bbox 994 2167 1228 2263; x_wconf 86' lang='lat' dir='ltr'><strong>ebdomidarij</strong></span> <span class='ocrx_word' id='word_1_93' title='bbox 1254 2170 1395 2241; x_wconf 90' lang='lat' dir='ltr'><strong>diaconi</strong></span> <span class='ocrx_word' id='word_1_94' title='bbox 1413 2181 1452 2243; x_wconf 87' lang='lat' dir='ltr'><strong>et</strong></span> <span class='ocrx_word' id='word_1_95' title='bbox 1470 2172 1676 2245; x_wconf 84' lang='lat' dir='ltr'><strong>subdiaconi</strong></span> <span class='ocrx_word' id='word_1_96' title='bbox 1693 2174 1784 2244; x_wconf 74' lang='lat' dir='ltr'><strong>diae</strong></span> 
     </span>
     <span class='ocr_line' id='line_1_13' title="bbox 445 2275 1783 2377; baseline -0.004 -16"><span class='ocrx_word' id='word_1_97' title='bbox 445 2284 594 2361; x_wconf 77' lang='lat' dir='ltr'><strong>ecclesie</strong></span> <span class='ocrx_word' id='word_1_98' title='bbox 611 2284 827 2359; x_wconf 89' lang='lat' dir='ltr'><strong>cathedralis</strong></span> <span class='ocrx_word' id='word_1_99' title='bbox 843 2275 1138 2355; x_wconf 85' lang='lat' dir='ltr'><strong>Abberdouensis</strong></span> <span class='ocrx_word' id='word_1_100' title='bbox 1155 2282 1217 2372; x_wconf 84' lang='lat' dir='ltr'><strong>qui</strong></span> <span class='ocrx_word' id='word_1_101' title='bbox 1233 2304 1300 2375; x_wconf 94' lang='lat' dir='ltr'><strong>pro</strong></span> <span class='ocrx_word' id='word_1_102' title='bbox 1316 2292 1480 2377; x_wconf 87' lang='lat' dir='ltr'><strong>tempore</strong></span> <span class='ocrx_word' id='word_1_103' title='bbox 1496 2286 1634 2357; x_wconf 85' lang='lat' dir='ltr'><strong>fuerint</strong></span> <span class='ocrx_word' id='word_1_104' title='bbox 1654 2282 1783 2358; x_wconf 60' lang='lat' dir='ltr'><strong>astrici</strong></span> 
     </span>
     <span class='ocr_line' id='line_1_14' title="bbox 443 2390 1781 2485; baseline 0 -15"><span class='ocrx_word' id='word_1_105' title='bbox 443 2398 604 2473; x_wconf 86' lang='lat' dir='ltr'><strong>existunt</strong></span> <span class='ocrx_word' id='word_1_106' title='bbox 621 2399 666 2471; x_wconf 91' lang='lat' dir='ltr'><strong>ad</strong></span> <span class='ocrx_word' id='word_1_107' title='bbox 684 2398 817 2469; x_wconf 86' lang='lat' dir='ltr'><strong>cotidie</strong></span> <span class='ocrx_word' id='word_1_108' title='bbox 841 2393 1096 2468; x_wconf 90' lang='lat' dir='ltr'><strong>celebrandum</strong></span> <span class='ocrx_word' id='word_1_109' title='bbox 1116 2392 1270 2485; x_wconf 85' lang='lat' dir='ltr'><strong>primam</strong></span> <span class='ocrx_word' id='word_1_110' title='bbox 1295 2390 1434 2466; x_wconf 86' lang='lat' dir='ltr'><strong>missam</strong></span> <span class='ocrx_word' id='word_1_111' title='bbox 1450 2397 1498 2467; x_wconf 90' lang='lat' dir='ltr'><strong>ad</strong></span> <span class='ocrx_word' id='word_1_112' title='bbox 1514 2396 1651 2469; x_wconf 68' lang='lat' dir='ltr'><strong>didam</strong></span> <span class='ocrx_word' id='word_1_113' title='bbox 1670 2396 1781 2469; x_wconf 86' lang='lat' dir='ltr'><strong>altare</strong></span> 
     </span>
    </p>
   </div>
   <div class='ocr_carea' id='block_1_6' title="bbox 333 2503 1784 2603">
    <p class='ocr_par' dir='ltr' id='par_1_6' title="bbox 333 2503 1784 2603">
     <span class='ocr_line' id='line_1_15' title="bbox 333 2503 1784 2603; baseline -0.003 -19"><span class='ocrx_word' id='word_1_114' title='bbox 333 2566 338 2577; x_wconf 91' lang='lat'><em>.</em></span> <span class='ocrx_word' id='word_1_115' title='bbox 443 2512 531 2583; x_wconf 89' lang='lat' dir='ltr'><strong>hora</strong></span> <span class='ocrx_word' id='word_1_116' title='bbox 548 2508 650 2583; x_wconf 85' lang='lat' dir='ltr'><strong>sexta</strong></span> <span class='ocrx_word' id='word_1_117' title='bbox 666 2533 731 2603; x_wconf 92' lang='lat' dir='ltr'><strong>pro</strong></span> <span class='ocrx_word' id='word_1_118' title='bbox 755 2507 943 2581; x_wconf 85' lang='lat' dir='ltr'><strong>animabus</strong></span> <span class='ocrx_word' id='word_1_119' title='bbox 964 2504 1153 2577; x_wconf 89' lang='lat' dir='ltr'><strong>reuerendi</strong></span> <span class='ocrx_word' id='word_1_120' title='bbox 1172 2504 1210 2575; x_wconf 93' lang='lat' dir='ltr'><strong>in</strong></span> <span class='ocrx_word' id='word_1_121' title='bbox 1227 2503 1372 2577; x_wconf 86' lang='lat' dir='ltr'><strong>Christo</strong></span> <span class='ocrx_word' id='word_1_122' title='bbox 1397 2510 1510 2601; x_wconf 88' lang='lat' dir='ltr'><strong>patris</strong></span> <span class='ocrx_word' id='word_1_123' title='bbox 1527 2509 1664 2581; x_wconf 91' lang='lat' dir='ltr'><strong>domiui</strong></span> <span class='ocrx_word' id='word_1_124' title='bbox 1683 2508 1784 2580; x_wconf 89' lang='lat' dir='ltr'><strong>Hen-</strong></span> 
     </span>
    </p>
   </div>
   <div class='ocr_carea' id='block_1_7' title="bbox 442 2612 1787 4394">
    <p class='ocr_par' dir='ltr' id='par_1_7' title="bbox 442 2612 1787 4394">
     <span class='ocr_line' id='line_1_16' title="bbox 444 2612 1782 2718; baseline -0.002 -24"><span class='ocrx_word' id='word_1_125' title='bbox 444 2627 508 2697; x_wconf 90' lang='lat' dir='ltr'><strong>rici</strong></span> <span class='ocrx_word' id='word_1_126' title='bbox 523 2623 689 2718; x_wconf 85' lang='lat' dir='ltr'><strong>Lychtou</strong></span> <span class='ocrx_word' id='word_1_127' title='bbox 707 2620 889 2714; x_wconf 91' lang='lat' dir='ltr'><strong>quondam</strong></span> <span class='ocrx_word' id='word_1_128' title='bbox 906 2617 1001 2689; x_wconf 75' lang='lat' dir='ltr'><strong>diue</strong></span> <span class='ocrx_word' id='word_1_129' title='bbox 1019 2612 1475 2691; x_wconf 82' lang='lat' dir='ltr'><strong>ecclesreAbberdoueusis</strong></span> <span class='ocrx_word' id='word_1_130' title='bbox 1492 2618 1647 2716; x_wconf 87' lang='lat' dir='ltr'><strong>episcopi</strong></span> <span class='ocrx_word' id='word_1_131' title='bbox 1666 2630 1704 2692; x_wconf 89' lang='lat' dir='ltr'><strong>et</strong></span> <span class='ocrx_word' id='word_1_132' title='bbox 1720 2645 1782 2715; x_wconf 90' lang='lat' dir='ltr'><strong>pro</strong></span> 
     </span>
     <span class='ocr_line' id='line_1_17' title="bbox 442 2725 1783 2826; baseline -0.003 -19"><span class='ocrx_word' id='word_1_133' title='bbox 442 2735 558 2807; x_wconf 91' lang='lat' dir='ltr'><strong>salute</strong></span> <span class='ocrx_word' id='word_1_134' title='bbox 576 2736 686 2807; x_wconf 89' lang='lat' dir='ltr'><strong>animi</strong></span> <span class='ocrx_word' id='word_1_135' title='bbox 705 2732 834 2826; x_wconf 90' lang='lat' dir='ltr'><strong>prefati</strong></span> <span class='ocrx_word' id='word_1_136' title='bbox 851 2731 987 2802; x_wconf 90' lang='lat' dir='ltr'><strong>domiui</strong></span> <span class='ocrx_word' id='word_1_137' title='bbox 1013 2727 1216 2821; x_wconf 91' lang='lat' dir='ltr'><strong>cancellarij</strong></span> <span class='ocrx_word' id='word_1_138' title='bbox 1243 2725 1490 2822; x_wconf 87' lang='lat' dir='ltr'><strong>premissorum</strong></span> <span class='ocrx_word' id='word_1_139' title='bbox 1516 2732 1718 2805; x_wconf 84' lang='lat' dir='ltr'><strong>fundatoris</strong></span> <span class='ocrx_word' id='word_1_140' title='bbox 1742 2757 1783 2805; x_wconf 90' lang='lat' dir='ltr'><strong>ac</strong></span> 
     </span>
     <span class='ocr_line' id='line_1_18' title="bbox 443 2838 1784 2942; baseline -0.003 -23"><span class='ocrx_word' id='word_1_141' title='bbox 443 2850 587 2942; x_wconf 83' lang='lat' dir='ltr'><strong>nepotis</strong></span> <span class='ocrx_word' id='word_1_142' title='bbox 612 2846 762 2940; x_wconf 76' lang='lat' dir='ltr'><strong>predicti</strong></span> <span class='ocrx_word' id='word_1_143' title='bbox 780 2844 963 2937; x_wconf 89' lang='lat' dir='ltr'><strong>quondam</strong></span> <span class='ocrx_word' id='word_1_144' title='bbox 980 2840 1134 2913; x_wconf 90' lang='lat' dir='ltr'><strong>Heurici</strong></span> <span class='ocrx_word' id='word_1_145' title='bbox 1159 2838 1315 2935; x_wconf 88' lang='lat' dir='ltr'><strong>episcopi</strong></span> <span class='ocrx_word' id='word_1_146' title='bbox 1332 2844 1505 2915; x_wconf 72' lang='lat' dir='ltr'><strong>antedicti</strong></span> <span class='ocrx_word' id='word_1_147' title='bbox 1521 2855 1784 2939; x_wconf 89' lang='lat' dir='ltr'><strong>parentumque</strong></span> 
     </span>
     <span class='ocr_line' id='line_1_19' title="bbox 442 2948 1785 3051; baseline -0.003 -19"><span class='ocrx_word' id='word_1_148' title='bbox 442 2960 587 3031; x_wconf 79' lang='lat' dir='ltr'><strong>luorum</strong></span> <span class='ocrx_word' id='word_1_149' title='bbox 604 2970 642 3031; x_wconf 87' lang='lat' dir='ltr'><strong>ct</strong></span> <span class='ocrx_word' id='word_1_150' title='bbox 668 2958 830 3030; x_wconf 91' lang='lat' dir='ltr'><strong>omnium</strong></span> <span class='ocrx_word' id='word_1_151' title='bbox 849 2958 886 3027; x_wconf 94' lang='lat' dir='ltr'><strong>in</strong></span> <span class='ocrx_word' id='word_1_152' title='bbox 904 2952 1047 3026; x_wconf 87' lang='lat' dir='ltr'><strong>Christo</strong></span> <span class='ocrx_word' id='word_1_153' title='bbox 1063 2948 1366 3045; x_wconf 89' lang='lat' dir='ltr'><strong>requiescentium</strong></span> <span class='ocrx_word' id='word_1_154' title='bbox 1384 2957 1487 3027; x_wconf 88' lang='lat' dir='ltr'><strong>cuius</strong></span> <span class='ocrx_word' id='word_1_155' title='bbox 1503 2959 1651 3049; x_wconf 92' lang='lat' dir='ltr'><strong>quidem</strong></span> <span class='ocrx_word' id='word_1_156' title='bbox 1668 2958 1785 3051; x_wconf 89' lang='lat' dir='ltr'><strong>capel-</strong></span> 
     </span>
     <span class='ocr_line' id='line_1_20' title="bbox 444 3065 1784 3165; baseline 0 -24"><span class='ocrx_word' id='word_1_157' title='bbox 444 3072 540 3144; x_wconf 89' lang='lat' dir='ltr'><strong>lanie</strong></span> <span class='ocrx_word' id='word_1_158' title='bbox 563 3069 756 3141; x_wconf 91' lang='lat' dir='ltr'><strong>seruicium</strong></span> <span class='ocrx_word' id='word_1_159' title='bbox 782 3068 942 3161; x_wconf 83' lang='lat' dir='ltr'><strong>prefatus</strong></span> <span class='ocrx_word' id='word_1_160' title='bbox 968 3066 1139 3137; x_wconf 83' lang='lat' dir='ltr'><strong>fundator</strong></span> <span class='ocrx_word' id='word_1_161' title='bbox 1161 3065 1265 3135; x_wconf 87' lang='lat' dir='ltr'><strong>dedit</strong></span> <span class='ocrx_word' id='word_1_162' title='bbox 1289 3067 1441 3139; x_wconf 88' lang='lat' dir='ltr'><strong>donauit</strong></span> <span class='ocrx_word' id='word_1_163' title='bbox 1461 3082 1500 3140; x_wconf 91' lang='lat' dir='ltr'><strong>et</strong></span> <span class='ocrx_word' id='word_1_164' title='bbox 1516 3071 1784 3165; x_wconf 86' lang='lat' dir='ltr'><strong>imperpetuum</strong></span> 
     </span>
     <span class='ocr_line' id='line_1_21' title="bbox 445 3174 1786 3277; baseline -0.001 -21"><span class='ocrx_word' id='word_1_165' title='bbox 445 3179 636 3277; x_wconf 77' lang='lat' dir='ltr'><strong>assignauit</strong></span> <span class='ocrx_word' id='word_1_166' title='bbox 670 3182 709 3252; x_wconf 90' lang='lat' dir='ltr'><strong>iu</strong></span> <span class='ocrx_word' id='word_1_167' title='bbox 743 3202 870 3275; x_wconf 91' lang='lat' dir='ltr'><strong>puram</strong></span> <span class='ocrx_word' id='word_1_168' title='bbox 905 3186 943 3249; x_wconf 88' lang='lat' dir='ltr'><strong>et</strong></span> <span class='ocrx_word' id='word_1_169' title='bbox 977 3186 1191 3272; x_wconf 89' lang='lat' dir='ltr'><strong>perpetuam</strong></span> <span class='ocrx_word' id='word_1_170' title='bbox 1224 3174 1455 3252; x_wconf 75' lang='lat' dir='ltr'><strong>elemosinam</strong></span> <span class='ocrx_word' id='word_1_171' title='bbox 1490 3182 1595 3254; x_wconf 74' lang='lat' dir='ltr'><strong>diuis</strong></span> <span class='ocrx_word' id='word_1_172' title='bbox 1627 3183 1786 3255; x_wconf 91' lang='lat' dir='ltr'><strong>ebdomi-</strong></span> 
     </span>
     <span class='ocr_line' id='line_1_22' title="bbox 444 3289 1785 3389; baseline -0.001 -22"><span class='ocrx_word' id='word_1_173' title='bbox 444 3292 553 3389; x_wconf 88' lang='lat' dir='ltr'><strong>darijs</strong></span> <span class='ocrx_word' id='word_1_174' title='bbox 588 3292 747 3365; x_wconf 89' lang='lat' dir='ltr'><strong>diaconis</strong></span> <span class='ocrx_word' id='word_1_175' title='bbox 782 3304 820 3363; x_wconf 86' lang='lat' dir='ltr'><strong>et</strong></span> <span class='ocrx_word' id='word_1_176' title='bbox 852 3289 1077 3361; x_wconf 85' lang='lat' dir='ltr'><strong>subdiaconis</strong></span> <span class='ocrx_word' id='word_1_177' title='bbox 1112 3289 1247 3360; x_wconf 89' lang='lat' dir='ltr'><strong>ibidem</strong></span> <span class='ocrx_word' id='word_1_178' title='bbox 1283 3291 1406 3363; x_wconf 91' lang='lat' dir='ltr'><strong>diuina</strong></span> <span class='ocrx_word' id='word_1_179' title='bbox 1442 3291 1709 3368; x_wconf 88' lang='lat' dir='ltr'><strong>celebrantibus</strong></span> <span class='ocrx_word' id='word_1_180' title='bbox 1748 3304 1785 3367; x_wconf 91' lang='lat' dir='ltr'><strong>et</strong></span> 
     </span>
     <span class='ocr_line' id='line_1_23' title="bbox 446 3400 1785 3495; baseline -0.001 -16"><span class='ocrx_word' id='word_1_181' title='bbox 446 3406 682 3479; x_wconf 86' lang='lat' dir='ltr'><strong>celebraturis</strong></span> <span class='ocrx_word' id='word_1_182' title='bbox 700 3444 709 3461; x_wconf 92' lang='lat'><strong>·</strong></span> <span class='ocrx_word' id='word_1_183' title='bbox 727 3402 846 3487; x_wconf 89' lang='lat' dir='ltr'><strong>Quam</strong></span> <span class='ocrx_word' id='word_1_184' title='bbox 873 3400 1110 3495; x_wconf 87' lang='lat' dir='ltr'><strong>capellaniam</strong></span> <span class='ocrx_word' id='word_1_185' title='bbox 1131 3422 1216 3471; x_wconf 92' lang='lat' dir='ltr'><strong>cum</strong></span> <span class='ocrx_word' id='word_1_186' title='bbox 1233 3403 1400 3475; x_wconf 90' lang='lat' dir='ltr'><strong>omnibus</strong></span> <span class='ocrx_word' id='word_1_187' title='bbox 1424 3402 1498 3477; x_wconf 86' lang='lat' dir='ltr'><strong>suia</strong></span> <span class='ocrx_word' id='word_1_188' title='bbox 1522 3409 1652 3479; x_wconf 84' lang='lat' dir='ltr'><strong>annuis</strong></span> <span class='ocrx_word' id='word_1_189' title='bbox 1668 3409 1785 3479; x_wconf 85' lang='lat' dir='ltr'><strong>reddi-</strong></span> 
     </span>
     <span class='ocr_line' id='line_1_24' title="bbox 443 3511 1786 3616; baseline 0.001 -26"><span class='ocrx_word' id='word_1_190' title='bbox 443 3519 542 3590; x_wconf 86' lang='lat' dir='ltr'><strong>tibus</strong></span> <span class='ocrx_word' id='word_1_191' title='bbox 559 3528 597 3589; x_wconf 90' lang='lat' dir='ltr'><strong>et</strong></span> <span class='ocrx_word' id='word_1_192' title='bbox 615 3516 734 3588; x_wconf 90' lang='lat' dir='ltr'><strong>eidem</strong></span> <span class='ocrx_word' id='word_1_193' title='bbox 751 3516 902 3586; x_wconf 88' lang='lat' dir='ltr'><strong>annexis</strong></span> <span class='ocrx_word' id='word_1_194' title='bbox 926 3514 1143 3585; x_wconf 86' lang='lat' dir='ltr'><strong>mortificare</strong></span> <span class='ocrx_word' id='word_1_195' title='bbox 1161 3512 1249 3585; x_wconf 85' lang='lat' dir='ltr'><strong>fecit</strong></span> <span class='ocrx_word' id='word_1_196' title='bbox 1265 3511 1513 3608; x_wconf 87' lang='lat' dir='ltr'><strong>premissorum</strong></span> <span class='ocrx_word' id='word_1_197' title='bbox 1535 3520 1707 3593; x_wconf 82' lang='lat' dir='ltr'><strong>fundator</strong></span> <span class='ocrx_word' id='word_1_198' title='bbox 1723 3545 1786 3616; x_wconf 87' lang='lat' dir='ltr'><strong>per</strong></span> 
     </span>
     <span class='ocr_line' id='line_1_25' title="bbox 443 3621 1786 3723; baseline 0.003 -22"><span class='ocrx_word' id='word_1_199' title='bbox 443 3629 649 3723; x_wconf 90' lang='lat' dir='ltr'><strong>supremum</strong></span> <span class='ocrx_word' id='word_1_200' title='bbox 667 3626 853 3699; x_wconf 90' lang='lat' dir='ltr'><strong>domiuum</strong></span> <span class='ocrx_word' id='word_1_201' title='bbox 870 3621 1033 3697; x_wconf 90' lang='lat' dir='ltr'><strong>nostrum</strong></span> <span class='ocrx_word' id='word_1_202' title='bbox 1050 3648 1172 3719; x_wconf 86' lang='lat' dir='ltr'><strong>regem</strong></span> <span class='ocrx_word' id='word_1_203' title='bbox 1189 3625 1213 3697; x_wconf 93' lang='lat' dir='ltr'>J</span> <span class='ocrx_word' id='word_1_204' title='bbox 1215 3628 1368 3699; x_wconf 91' lang='lat' dir='ltr'><strong>acobum</strong></span> <span class='ocrx_word' id='word_1_205' title='bbox 1385 3633 1534 3702; x_wconf 87' lang='lat' dir='ltr'><strong>tertium</strong></span> <span class='ocrx_word' id='word_1_206' title='bbox 1552 3640 1593 3703; x_wconf 80' lang='lat' dir='ltr'><strong>vt</strong></span> <span class='ocrx_word' id='word_1_207' title='bbox 1610 3634 1648 3703; x_wconf 91' lang='lat' dir='ltr'><strong>iu</strong></span> <span class='ocrx_word' id='word_1_208' title='bbox 1664 3632 1786 3706; x_wconf 88' lang='lat' dir='ltr'><strong>huius·</strong></span> 
     </span>
     <span class='ocr_line' id='line_1_26' title="bbox 444 3734 1787 3838; baseline 0.004 -26"><span class='ocrx_word' id='word_1_209' title='bbox 444 3743 541 3812; x_wconf 92' lang='lat' dir='ltr'><strong>modi</strong></span> <span class='ocrx_word' id='word_1_210' title='bbox 568 3740 675 3811; x_wconf 87' lang='lat' dir='ltr'><strong>cartis</strong></span> <span class='ocrx_word' id='word_1_211' title='bbox 701 3734 852 3830; x_wconf 91' lang='lat' dir='ltr'><strong>desuper</strong></span> <span class='ocrx_word' id='word_1_212' title='bbox 877 3738 1049 3809; x_wconf 72' lang='lat' dir='ltr'><strong>consectis</strong></span> <span class='ocrx_word' id='word_1_213' title='bbox 1074 3738 1218 3831; x_wconf 89' lang='lat' dir='ltr'><strong>plenius</strong></span> <span class='ocrx_word' id='word_1_214' title='bbox 1244 3742 1454 3814; x_wconf 86' lang='lat' dir='ltr'><strong>continetur</strong></span> <span class='ocrx_word' id='word_1_215' title='bbox 1476 3783 1484 3800; x_wconf 94' lang='lat'><strong>·</strong></span> <span class='ocrx_word' id='word_1_216' title='bbox 1511 3744 1562 3815; x_wconf 88' lang='lat' dir='ltr'><strong>Et</strong></span> <span class='ocrx_word' id='word_1_217' title='bbox 1586 3746 1649 3838; x_wconf 92' lang='lat' dir='ltr'><strong>qui</strong></span> <span class='ocrx_word' id='word_1_218' title='bbox 1674 3745 1787 3818; x_wconf 90' lang='lat' dir='ltr'><strong>trans·</strong></span> 
     </span>
     <span class='ocr_line' id='line_1_27' title="bbox 443 3845 1782 3951; baseline 0.005 -27"><span class='ocrx_word' id='word_1_219' title='bbox 443 3848 575 3947; x_wconf 84' lang='lat' dir='ltr'><strong>gressor</strong></span> <span class='ocrx_word' id='word_1_220' title='bbox 600 3845 846 3945; x_wconf 82' lang='lat' dir='ltr'><strong>premissorum</strong></span> <span class='ocrx_word' id='word_1_221' title='bbox 869 3848 907 3919; x_wconf 92' lang='lat' dir='ltr'><strong>in</strong></span> <span class='ocrx_word' id='word_1_222' title='bbox 929 3859 1008 3920; x_wconf 92' lang='lat' dir='ltr'><strong>toto</strong></span> <span class='ocrx_word' id='word_1_223' title='bbox 1026 3850 1084 3921; x_wconf 87' lang='lat' dir='ltr'><strong>vel</strong></span> <span class='ocrx_word' id='word_1_224' title='bbox 1110 3852 1149 3921; x_wconf 94' lang='lat' dir='ltr'><strong>in</strong></span> <span class='ocrx_word' id='word_1_225' title='bbox 1175 3859 1278 3943; x_wconf 86' lang='lat' dir='ltr'><strong>parte</strong></span> <span class='ocrx_word' id='word_1_226' title='bbox 1304 3854 1470 3927; x_wconf 84' lang='lat' dir='ltr'><strong>extiterit</strong></span> <span class='ocrx_word' id='word_1_227' title='bbox 1495 3857 1782 3951; x_wconf 81' lang='lat' dir='ltr'><strong>indignacionem</strong></span> 
     </span>
     <span class='ocr_line' id='line_1_28' title="bbox 445 3960 1786 4071; baseline 0.003 -34"><span class='ocrx_word' id='word_1_228' title='bbox 445 3965 504 4037; x_wconf 91' lang='lat' dir='ltr'><strong>dei</strong></span> <span class='ocrx_word' id='word_1_229' title='bbox 520 3962 780 4055; x_wconf 89' lang='lat' dir='ltr'><strong>omnipotentis</strong></span> <span class='ocrx_word' id='word_1_230' title='bbox 797 3961 956 4071; x_wconf 83' lang='lat' dir='ltr'><strong>incurrat</strong></span> <span class='ocrx_word' id='word_1_231' title='bbox 973 4000 983 4018; x_wconf 86' lang='lat'><strong>·</strong></span> <span class='ocrx_word' id='word_1_232' title='bbox 1001 3960 1074 4045; x_wconf 87' lang='lat' dir='ltr'><strong>Qui</strong></span> <span class='ocrx_word' id='word_1_233' title='bbox 1093 3963 1239 4054; x_wconf 91' lang='lat' dir='ltr'><strong>quidem</strong></span> <span class='ocrx_word' id='word_1_234' title='bbox 1262 3965 1434 4038; x_wconf 89' lang='lat' dir='ltr'><strong>fundator</strong></span> <span class='ocrx_word' id='word_1_235' title='bbox 1448 3967 1651 4041; x_wconf 91' lang='lat' dir='ltr'><strong>huiusmodi</strong></span> <span class='ocrx_word' id='word_1_236' title='bbox 1668 3972 1786 4065; x_wconf 90' lang='lat' dir='ltr'><strong>capel-</strong></span> 
     </span>
     <span class='ocr_line' id='line_1_29' title="bbox 446 4073 1786 4168; baseline 0.005 -21"><span class='ocrx_word' id='word_1_237' title='bbox 446 4076 540 4149; x_wconf 90' lang='lat' dir='ltr'><strong>lanie</strong></span> <span class='ocrx_word' id='word_1_238' title='bbox 565 4073 764 4167; x_wconf 90' lang='lat' dir='ltr'><strong>compleuit</strong></span> <span class='ocrx_word' id='word_1_239' title='bbox 789 4073 827 4143; x_wconf 91' lang='lat' dir='ltr'><strong>iu</strong></span> <span class='ocrx_word' id='word_1_240' title='bbox 853 4074 1021 4145; x_wconf 89' lang='lat' dir='ltr'><strong>omnibus</strong></span> <span class='ocrx_word' id='word_1_241' title='bbox 1037 4084 1078 4145; x_wconf 80' lang='lat' dir='ltr'><strong>vt</strong></span> <span class='ocrx_word' id='word_1_242' title='bbox 1094 4077 1303 4168; x_wconf 86' lang='lat' dir='ltr'><strong>premititur</strong></span> <span class='ocrx_word' id='word_1_243' title='bbox 1327 4080 1454 4152; x_wconf 78' lang='lat' dir='ltr'><strong>octauo</strong></span> <span class='ocrx_word' id='word_1_244' title='bbox 1480 4081 1539 4153; x_wconf 91' lang='lat' dir='ltr'><strong>die</strong></span> <span class='ocrx_word' id='word_1_245' title='bbox 1564 4078 1696 4154; x_wconf 84' lang='lat' dir='ltr'><strong>mensis</strong></span> <span class='ocrx_word' id='word_1_246' title='bbox 1713 4082 1786 4154; x_wconf 87' lang='lat' dir='ltr'><strong>De·</strong></span> 
     </span>
     <span class='ocr_line' id='line_1_30' title="bbox 445 4182 1784 4291; baseline 0.003 -31"><span class='ocrx_word' id='word_1_247' title='bbox 445 4188 599 4261; x_wconf 83' lang='lat' dir='ltr'><strong>cambris</strong></span> <span class='ocrx_word' id='word_1_248' title='bbox 633 4209 728 4259; x_wconf 88' lang='lat' dir='ltr'><strong>anno</strong></span> <span class='ocrx_word' id='word_1_249' title='bbox 763 4183 913 4255; x_wconf 89' lang='lat' dir='ltr'><strong>Domini</strong></span> <span class='ocrx_word' id='word_1_250' title='bbox 947 4182 1138 4257; x_wconf 85' lang='lat' dir='ltr'><strong>millesrmo</strong></span> <span class='ocrx_word' id='word_1_251' title='bbox 1174 4187 1526 4285; x_wconf 81' lang='lat' dir='ltr'><strong>quadringentesrmo</strong></span> <span class='ocrx_word' id='word_1_252' title='bbox 1568 4191 1784 4291; x_wconf 78' lang='lat' dir='ltr'><strong>sexagesimo</strong></span> 
     </span>
     <span class='ocr_line' id='line_1_31' title="bbox 445 4296 1685 4394; baseline 0.004 -22"><span class='ocrx_word' id='word_1_253' title='bbox 445 4324 562 4372; x_wconf 87' lang='lat' dir='ltr'><strong>nono·</strong></span> <span class='ocrx_word' id='word_1_254' title='bbox 581 4298 651 4370; x_wconf 92' lang='lat' dir='ltr'><strong>Pro</strong></span> <span class='ocrx_word' id='word_1_255' title='bbox 668 4296 869 4368; x_wconf 84' lang='lat' dir='ltr'><strong>fundatoris</strong></span> <span class='ocrx_word' id='word_1_256' title='bbox 886 4297 1007 4369; x_wconf 91' lang='lat' dir='ltr'><strong>anima</strong></span> <span class='ocrx_word' id='word_1_257' title='bbox 1024 4307 1125 4370; x_wconf 91' lang='lat' dir='ltr'><strong>orate</strong></span> <span class='ocrx_word' id='word_1_258' title='bbox 1147 4296 1253 4371; x_wconf 74' lang='lat' dir='ltr'><strong>Pater</strong></span> <span class='ocrx_word' id='word_1_259' title='bbox 1268 4302 1378 4394; x_wconf 81' lang='lat' dir='ltr'><strong>noster</strong></span> <span class='ocrx_word' id='word_1_260' title='bbox 1395 4311 1433 4374; x_wconf 90' lang='lat' dir='ltr'><strong>et</strong></span> <span class='ocrx_word' id='word_1_261' title='bbox 1445 4302 1521 4376; x_wconf 80' lang='lat' dir='ltr'><strong>Aue</strong></span> <span class='ocrx_word' id='word_1_262' title='bbox 1537 4303 1685 4377; x_wconf 70' lang='lat' dir='ltr'><strong>Morio·</strong></span> 
     </span>
    </p>
   </div>
   <div class='ocr_carea' id='block_1_8' title="bbox 447 4516 1786 4623">
    <p class='ocr_par' dir='ltr' id='par_1_8' title="bbox 447 4516 1786 4623">
     <span class='ocr_line' id='line_1_32' title="bbox 447 4516 1786 4623; baseline 0.005 -26"><span class='ocrx_word' id='word_1_263' title='bbox 447 4523 580 4597; x_wconf 88' lang='lat' dir='ltr'><strong>Obitus</strong></span> <span class='ocrx_word' id='word_1_264' title='bbox 609 4516 816 4593; x_wconf 84' lang='lat' dir='ltr'><strong>serenissimi</strong></span> <span class='ocrx_word' id='word_1_265' title='bbox 846 4523 1017 4615; x_wconf 90' lang='lat' dir='ltr'><strong>principis</strong></span> <span class='ocrx_word' id='word_1_266' title='bbox 1041 4523 1169 4597; x_wconf 92' lang='lat' dir='ltr'><strong>Jacobi</strong></span> <span class='ocrx_word' id='word_1_267' title='bbox 1202 4528 1320 4618; x_wconf 89' lang='lat' dir='ltr'><strong>quarti</strong></span> <span class='ocrx_word' id='word_1_268' title='bbox 1354 4526 1413 4597; x_wconf 91' lang='lat' dir='ltr'><strong>dei</strong></span> <span class='ocrx_word' id='word_1_269' title='bbox 1447 4530 1564 4623; x_wconf 77' lang='lat' dir='ltr'><strong>gratia</strong></span> <span class='ocrx_word' id='word_1_270' title='bbox 1593 4528 1786 4603; x_wconf 85' lang='lat' dir='ltr'><strong>Scotorum</strong></span> 
     </span>
    </p>
   </div>
   <div class='ocr_carea' id='block_1_9' title="bbox 0 0 2037 5534">
    <p class='ocr_par' dir='ltr' id='par_1_9' title="bbox 0 0 2037 5534">
     <span class='ocr_line' id='line_1_33' title="bbox 0 0 2037 5534; baseline 0 0"><span class='ocrx_word' id='word_1_271' title='bbox 0 0 2037 5534; x_wconf 95' lang='lat' dir='ltr'><strong> </strong></span> 
     </span>
    </p>
   </div>
  </div>
 </body>
</html>
