4050 5534
442 637 513 707 316
959 628 1265 704 REGISTRUM
1552 632 1776 728 [sersunrx.

441 836 479 903 in
504 831 641 927 Anglia
669 828 803 905 dedisse
819 842 859 903 et
883 824 1084 903 conceffilse
1113 838 1152 901 et
1181 832 1250 905 bac
1283 840 1383 905 carta
1411 828 1531 903 nostra
1558 826 1776 903 confirmasse

442 944 616 1017 Michaeli
642 944 774 1017 clerico
803 938 970 1016 ecclesias
1003 942 1050 1013 dc
1084 940 1307 1037 Olenmecuy
1336 966 1419 1015 cum
1454 940 1604 1036 capellis
1636 940 1708 1013 suis
1740 952 1778 1013 et

440 1058 608 1128 omnibus
636 1057 913 1130 testitudinibus
942 1056 988 1128 ad
1014 1052 1157 1127 eosdem
1192 1052 1358 1129 ecclesias
1388 1052 1480 1127 iuste
1513 1054 1778 1149 pertinentibus

441 1181 551 1260 atque
567 1192 650 1239 eum
669 1170 707 1239 in
731 1165 862 1241 eisdem
881 1163 1040 1259 ecclesijs
1057 1164 1242 1261 personam
1260 1170 1432 1241 canonice
1449 1162 1638 1241 instituisse
1655 1206 1664 1224 ·
1683 1164 1780 1239 Red-

441 1281 559 1370 deodo
576 1282 764 1352 annuatim
790 1279 913 1351 domui
936 1278 1067 1373 prelati
1093 1274 1276 1373 hospitalis
1292 1302 1424 1352 nouem
1450 1302 1587 1353 marcas
1611 1280 1776 1374 argenti·

441 1386 1779 1486 Saluisepiscopalibus·TestibusSymonearchidiacono·R0gerodccsno·

442 1502 651 1575 Willelmo·
666 1502 831 1576 Waltero
843 1542 851 1561 ·
864 1502 1025 1575 Roberto
1037 1540 1045 1559 ·
1057 1500 1217 1575 Henrico
1231 1556 1242 1576 .
1257 1502 1424 1577 Matheo·
1436 1503 1599 1577 Galfrido
1610 1542 1619 1559 ·
1631 1502 1780 1575 Andrus

440 1612 1614 1711 capellanis-Matheoofficiali-willelmopersonsdeAberdenc·
1627 1613 1778 1687 Matheo

440 1728 570 1800 cler-icc
587 1770 597 1786 ·
616 1726 800 1800 Waldeuo
816 1727 948 1799 clerico
971 1764 980 1782 ·
996 1725 1176 1799 Mauricio
1193 1724 1342 1821 persona
1360 1728 1405 1800 de
1421 1726 1567 1799 Tarveis
1584 1766 1593 1784 ·
1611 1724 1635 1798 J
1637 1726 1779 1797 ohanne

440 1840 515 1911 silio
528 1840 807 1913 Arcbidiaconi·
827 1836 1017 1911 Willelmo
1028 1837 1103 1909 silio
1116 1836 1305 1935 Hugonis·
1323 1838 1489 1913 Gilberto
1503 1838 1577 1911 silio
1589 1837 1777 1911 Gocelini·

441 1954 525 2037 Qua
540 1953 686 2045 quidem
703 1952 893 2023 euidoncia
915 1946 964 2022 src
980 1951 1123 2044 copiata
1140 1960 1179 2023 et
1196 1951 1409 2046 transcripta
1424 1974 1490 2025 nos
1515 1952 1561 2024 de
1578 1949 1778 2023 huiusmodi

440 2063 653 2159 trans'cripto
670 2086 754 2135 cum
772 2060 847 2157 ipsu
862 2061 969 2134 litera
984 2059 1150 2157 originali
1173 2064 1250 2135 sieri
1270 2063 1422 2137 fecimus
1441 2062 1654 2159 diligentem
1671 2062 1780 2137 colla·

440 2179 578 2249 tionem
591 2188 630 2247 et
653 2176 739 2269 quia
754 2173 957 2247 huiusmodi
974 2170 1228 2269 transcriptum
1242 2198 1325 2249 cum
1352 2172 1425 2270 ipsa
1442 2176 1547 2249 litera
1563 2175 1728 2271 originali
1741 2177 1778 2247 in

440 2288 607 2359 omuibus
630 2285 849 2359 concordare
874 2288 1099 2382 repperimus
1116 2286 1249 2361 idcirco
1278 2284 1422 2381 presens
1445 2285 1698 2382 transcriptum
1716 2311 1780 2381 per

356 2423 363 2436 ·
440 2401 620 2471 notarium
650 2398 837 2493 publicum
866 2394 1103 2493 subscriptum
1131 2396 1301 2471 subscribi
1334 2410 1373 2471 et
1398 2398 1573 2494 publicari
1598 2396 1778 2493 nostrique

293 2508 300 2521 “
440 2510 545 2607 sigilli
561 2510 690 2583 secreti
706 2510 811 2605 burgi
836 2510 987 2604 prodidi
1012 2505 1173 2581 indimus
1199 2520 1237 2583 et
1263 2511 1414 2585 lecimus
1440 2506 1656 2605 appensione
1683 2535 1778 2584 com·

439 2625 606 2695 muniri·
632 2622 769 2694 Datum
801 2635 840 2695 et
868 2624 989 2695 auum
1016 2623 1051 2693 in
1079 2624 1235 2716 pretorio
1261 2624 1364 2719 burgi
1391 2624 1437 2696 dc
1465 2622 1663 2717 Linlitbqw
1688 2625 1778 2719 xxij⁰

440 2738 498 2808 die
515 2730 646 2808 mensis
669 2734 808 2828 Aprilis
824 2756 920 2807 unno
939 2734 1086 2806 Domini
1104 2730 1294 2807 millesimo
1311 2732 1662 2830 quadringentesimo
1680 2735 1778 2810 sexa·

438 2844 573 2941 gesimo
598 2848 726 2941 quinto
751 2846 955 2919 Indidione
979 2846 1043 2939 xiij
1074 2844 1306 2940 pontificatus
1335 2842 1538 2919 scnuiflimi
1567 2848 1606 2918 in
1637 2844 1777 2921 Christo

393 2982 399 2995 ·
439 2962 550 3053 patris
570 2984 612 3031 ac
640 2960 776 3032 domini
793 2954 904 3031 nostri
930 2958 1067 3031 domini
1085 2956 1191 3030 Pauli
1220 2958 1345 3031 diuina
1374 2960 1602 3053 prouidentia
1619 2984 1710 3055 pape
1727 2959 1778 3035 se·

439 3072 546 3144 cundi
560 3094 655 3143 auno
668 3073 785 3166 primo
799 3108 807 3128 ·
822 3070 1055 3157 Presentibus
1066 3070 1200 3143 ibidem
1211 3070 1480 3143 honorabilibus
1493 3082 1531 3145 et
1546 3073 1778 3169 circumspec-

439 3186 488 3256 tis
499 3186 584 3255 viris
599 3182 757 3255 Domino
769 3182 1001 3255 Archebuldo
1012 3183 1057 3255 de
1070 3182 1221 3255 Dundas
1235 3182 1279 3255 de
1293 3184 1421 3255 eodem
1435 3182 1552 3255 milite
1566 3187 1777 3259 vicecomite

439 3297 485 3368 de
521 3295 719 3389 binlitbqw
752 3334 762 3352 ·
796 3292 965 3387 magistro
990 3294 1149 3367 Patricio
1176 3292 1314 3390 Yhung
1339 3296 1474 3367 decano
1502 3294 1776 3371 Dunkeldenli·

439 3408 578 3481 Thomu
602 3409 648 3479 de
670 3404 794 3479 Forest
818 3443 828 3461 ·
852 3404 1020 3478 Jobsune
1046 3406 1092 3479 de
1117 3406 1295 3479 Galbrath
1321 3446 1329 3464 ·
1357 3406 1568 3480 Alexandro
1594 3406 1777 3504 Hathwy·

439 3519 577 3593 Jacobo
594 3520 639 3591 de
657 3516 781 3589 Foulis
805 3555 814 3574 ·
841 3516 1032 3589 Willelmo
1059 3517 1207 3615 Loganc
1230 3555 1240 3575 ·
1266 3527 1305 3591 et
1323 3516 1484 3591 Henrico
1510 3520 1555 3592 de
1582 3521 1777 3595 Crausorde

440 3654 524 3703 cum
541 3630 667 3703 multis
683 3628 763 3723 ulijs
779 3624 932 3701 testibus
951 3630 997 3703 ad
1014 3626 1178 3725 permissa
1197 3630 1332 3703 vocatis
1350 3626 1550 3725 specialiter
1566 3641 1605 3705 et
1621 3636 1776 3731 rogatis·

388 3846 393 3855 ’
540 3855 592 3929 Et
617 3878 685 3951 ego
701 3854 914 3927 Alexander
937 3856 984 3927 dc
1001 3852 1126 3929 Foulis
1144 3857 1295 3930 clericus
1313 3856 1437 3931 Sanus
1463 3855 1613 3931 Andree
1632 3857 1779 3933 diocesis

541 3968 707 4063 publicus
739 3968 955 4040 auuoutcrc
992 3969 1172 4064 imperiali
1213 3972 1375 4042 notarius
1411 3966 1587 4065 premissis
1614 3974 1779 4047 omnibus

539 4082 626 4155 dum
643 4076 692 4151 ssc
705 4088 900 4175 agerentur
916 4080 1065 4153 interfui
1079 4094 1116 4153 et
1130 4082 1198 4155 hoc
1212 4078 1355 4176 presens
1368 4080 1649 4157 instrumentum
1661 4084 1780 4158 buius·

539 4192 638 4264 modi
658 4191 912 4286 transcriptum
938 4194 976 4263 in
1002 4190 1039 4265 se
1064 4195 1256 4267 continens
1281 4204 1427 4289 rogatus
1452 4196 1582 4269 tradidi
1609 4194 1779 4293 signoque

540 4313 579 4377 et
597 4302 852 4398 subscriptione
869 4306 960 4375 meis
976 4302 1090 4377 sblitis
1108 4315 1146 4377 et
1163 4304 1343 4379 consuetis
1361 4328 1431 4379 vna
1455 4330 1539 4379 cum
1564 4306 1779 4403 appensrone

540 4412 645 4512 sigilli
678 4413 805 4489 secreti
832 4416 936 4510 burgi
962 4417 1114 4510 predibti
1141 4414 1276 4513 siguaui
1300 4428 1446 4514 rogatus
1472 4420 1510 4490 in
1532 4416 1778 4499 testimonium

541 4528 704 4601 veritatis
720 4530 881 4601 omnium
899 4524 1145 4622 premissorum
1164 4570 1172 4587 ·
