4050 5534
445 676 514 741 909
576 726 580 735 .
965 662 1274 738 REGISTRUM
1632 670 1784 764 [secum

953 862 1097 939 Alanus
1115 862 1284 937 Fwthes·

443 980 565 1051 Tertio
608 977 696 1051 Idus
739 978 840 1072 Junij
886 978 1007 1051 obitus
1043 974 1204 1072 magistri
1242 977 1355 1049 Alani
1390 975 1536 1051 Fwthes
1572 976 1786 1075 suorumque

444 1100 635 1185 parentum
655 1092 700 1163 de
717 1091 780 1183 xiij
800 1090 829 1162 ἔ.
846 1090 900 1185 iiij
917 1086 954 1161 d.
973 1091 1085 1161 annui
1103 1090 1266 1161 redditus
1283 1089 1329 1161 de
1346 1090 1452 1161 terris
1469 1090 1515 1161 de
1532 1091 1632 1164 Glak
1653 1096 1700 1165 de
1715 1118 1786 1187 quo

444 1204 743 1277 commemoracio
762 1243 769 1259 ·

889 1428 1046 1499 Thomas
1064 1426 1323 1521 Eddynname·

444 1544 610 1636 Septimo
641 1541 819 1614 kalendas
847 1540 938 1635 Julij
970 1541 1092 1612 obitus
1124 1541 1220 1612 bone
1250 1542 1424 1613 memorie
1458 1538 1618 1637 magistri
1647 1542 1783 1615 'l'lrome

445 1655 685 1750 Eddynname
702 1652 930 1748 prebendarij
949 1653 995 1725 de
1008 1653 1094 1725 Clet
1112 1653 1158 1725 de
1175 1675 1247 1745 quo
1263 1654 1558 1726 commemoratio
1569 1656 1614 1726 de
1627 1678 1653 1727 x
1665 1652 1784 1727 solidis

444 1768 608 1841 leuandis
633 1768 823 1839 annuatim
849 1766 895 1837 de
919 1767 1026 1837 terris
1052 1762 1127 1838 saue
1151 1766 1276 1837 croltis
1299 1763 1481 1837 Willelmi
1507 1764 1680 1839 Scherrar
1704 1768 1784 1839 bur-

440 1875 558 1975 genfis
575 1874 867 1951 Aberdonenfis·

962 2101 1123 2175 lacobus
1141 2103 1266 2199 hyon·

444 2218 610 2312 Septimo
636 2218 725 2291 Idus
749 2216 840 2310 Julij
866 2217 987 2288 obitus
1012 2210 1172 2309 magistri
1197 2215 1325 2288 Jacobi
1353 2215 1458 2309 Lyon
1483 2218 1647 2289 canonici
1668 2218 1785 2289 Aber-

442 2328 608 2403 donensrs
625 2343 663 2404 et
683 2325 952 2405 Dunkeldensrs
973 2330 1020 2400 de
1043 2352 1115 2421 quo
1140 2331 1438 2401 commemoracio
1465 2329 1510 2401 de
1536 2326 1719 2403 mantione
1740 2332 1784 2402 de

441 2442 577 2517 Forbes
594 2444 783 2516 annuatim
800 2440 967 2513 leuandis
984 2464 1029 2512 ·x·
1048 2439 1190 2513 solidis·

960 2664 1083 2737 Adam
1101 2664 1260 2762 Pingill·

440 2782 580 2866 Quarto
604 2779 691 2852 Idus
724 2778 816 2871 Julij
852 2778 973 2849 obitus
1008 2776 1092 2849 Ade
1123 2777 1256 2873 Pingill
1286 2780 1349 2871 xiij
1378 2782 1407 2852 i.
1432 2780 1483 2873 iiij
1510 2777 1546 2851 d.
1575 2779 1622 2851 de
1656 2782 1783 2853 orollta

439 2893 530 2966 Wid
545 2893 725 2967 lobannis
743 2890 855 2963 Wide
881 2892 1071 2963 annuatim
1094 2890 1258 2963 leuandis
1276 2900 1315 2963 et
1331 2891 1439 2963 litera
1456 2894 1650 2986 emptionis
1667 2896 1781 2966 creste

440 3002 551 3079 estin
569 3002 659 3079 cista
677 3004 862 3077 communi
875 3046 882 3063 ·
897 3003 943 3073 de
960 3025 1031 3095 quo
1049 3006 1369 3075 commemoraeio·

906 3226 1119 3300 Willelmus
1137 3227 1314 3301 Modero·
1340 3280 1344 3287 .

439 3343 644 3415 Vndecimo
669 3341 844 3413 kalendas
863 3336 1021 3435 Augusti
1045 3341 1166 3412 obitus
1192 3342 1328 3413 domini
1348 3340 1530 3413 Willelmi
1549 3342 1706 3415 Modern
1736 3350 1780 3417 de

437 3479 508 3548 quo
534 3456 832 3528 commemoratio
851 3452 1022 3525 videlicet
1046 3454 1092 3524 de
1116 3456 1149 3547 vj
1177 3456 1207 3526 ἓ.
1226 3454 1286 3545 viij
1310 3450 1347 3525 d.
1374 3454 1421 3525 de
1446 3455 1554 3526 domo
1580 3459 1780 3551 capellanie

437 3566 621 3663 hospitalis
644 3565 756 3639 sanai
775 3566 875 3638 Petri
894 3566 1046 3638 fundate
1071 3590 1137 3660 per
1163 3565 1350 3637 dominum
1369 3563 1573 3638 Henrieum
1591 3567 1780 3664 Lychtone

436 3678 640 3775 episcopum
659 3676 956 3753 Aberdonensem
976 3687 1013 3748 et
1038 3678 1204 3751 edificata
1231 3701 1296 3772 per
1316 3677 1453 3749 ditium
1479 3680 1667 3751 dominum
1686 3682 1781 3754 Wil-

436 3792 609 3863 lelmum·

753 4014 956 4088 Alexandri
975 4014 1113 4085 Stwart
1130 4036 1252 4086 comes
1269 4014 1315 4085 de
1332 4012 1458 4085 Marr-

436 4132 600 4225 Septimo
625 4128 801 4200 kalendas
827 4122 986 4222 Augusti
1015 4127 1136 4198 obitus
1162 4126 1344 4220 magnifici
1375 4150 1416 4197 ac
1448 4130 1610 4220 potentis
1638 4132 1777 4203 domini

435 4244 571 4316 domini
591 4238 797 4311 Alexandri
825 4236 963 4310 Stwart
988 4238 1132 4311 comitis
1159 4237 1203 4307 de
1229 4236 1334 4309 Marr
1359 4248 1397 4309 et
1426 4238 1472 4309 de
1502 4238 1703 4334 Garwyach
1733 4267 1776 4315 nc

436 4356 555 4427 locum
572 4352 733 4425 tenentis
754 4349 891 4421 domini
914 4352 1008 4445 regis
1027 4348 1219 4422 Scotorum
1237 4348 1284 4419 de
1300 4372 1372 4441 quo
1393 4354 1692 4423 commemoracio
1716 4356 1779 4449 viij

434 4470 463 4540 ἔ.
491 4466 536 4537 de
559 4464 595 4536 le
615 4460 820 4536 nowlandis
849 4457 973 4555 positis
1000 4463 1045 4533 ad
1071 4461 1211 4533 firmam
1235 4460 1429 4533 heredibus
1452 4460 1688 4557 Kymbysone
1714 4491 1782 4559 per

434 4571 641 4672 magistrum
658 4573 820 4646 Alanum
840 4572 986 4645 Fwthes
1003 4572 1066 4646 suo
1085 4570 1305 4667 conquestu·
