4050 5534
912 621 1311 698 KALENDARIUM

789 955 927 1004 annuns
942 953 1061 1002 mna
1076 956 1155 1004 mna
1169 961 1245 1002 xxx·
1289 955 1384 1002 Luna
1398 937 1485 1002 xxix.

553 1167 573 1230 9
615 1159 696 1207 m.
712 1157 791 1204 APR.
859 1135 995 1204 Gilberti
1010 1135 1145 1224 episcopi
1168 1185 1175 1200 .
1198 1133 1334 1200 Inferius
1349 1132 1474 1222 duplex.

447 1259 477 1346 xj
555 1256 586 1320 A
617 1253 660 1342 iiij
676 1251 762 1318 Non.
858 1247 961 1315 Maria
976 1247 1141 1337 Egiptiace
1155 1256 1297 1312 matrone
1313 1297 1320 1309 .
1337 1245 1369 1310 ix
1383 1245 1563 1310 lectionum.

553 1369 572 1433 b
614 1365 646 1454 iij
662 1367 749 1432 Non.

447 1485 502 1548 xix
556 1509 571 1546 c
620 1479 707 1546 Prid.
722 1475 808 1543 Non.
853 1474 1009 1564 Ambrosij
1026 1473 1161 1563 episcopi
1184 1522 1192 1538 .
1214 1471 1350 1539 Mea-ius
1364 1469 1489 1555 duplex.

451 1595 500 1682 viij
557 1593 579 1658 d
620 1609 734 1656 noan.

448 1709 500 1795 xvj
557 1731 572 1770 a
623 1703 675 1790 viij
691 1700 742 1766 Id.

450 1845 470 1883 v
550 1819 578 1904 f
623 1814 664 1901 vij
680 1813 729 1879 Id.

556 1955 576 2016 9
623 1925 716 2013 VJ'Id.

453 2045 505 2132 xiij
563 2043 592 2105 A
627 2038 708 2104 vId.

454 2158 474 2245 ij
566 2157 584 2218 ὂ
630 2151 673 2240 iiij
685 2150 735 2215 Id.

564 2293 579 2333 c
627 2287 658 2353 ιι]
668 2261 717 2329 Id.
1105 2265 1166 2333 ,εἰ
1180 2261 1211 2318 iu
1226 2262 1321 2320 im.

454 2407 474 2446 x
562 2381 583 2443 d
626 2375 715 2440 Prid.
730 2373 780 2438 Id.
861 2363 1000 2452 Tiburcij
1017 2358 1178 2427 Valeriani
1192 2365 1224 2419 et
1237 2355 1426 2420 Maximiani
1441 2405 1448 2419 .
1464 2353 1496 2440 iij
1512 2351 1569 2417 lec.
1585 2374 1668 2439 pasc.
1683 2361 1780 2438 temp.

564 2516 578 2556 e
627 2505 755 2553 lomus.
865 2479 981 2548 Clanes
994 2472 1202 2562 rogationum.

457 2605 530 2692 xviij
559 2605 586 2690 f
628 2599 701 2688 xviij
719 2596 793 2663 Kal.
806 2593 896 2660 Maii.

455 2719 495 2806 vij
561 2739 581 2802 y
623 2712 686 2798 xvij
699 2708 774 2776 Kal.
864 2777 866 2782 .

456 3016 749 3034 μ--ηη-..
762 3015 776 3020 -

791 3253 1051 3308 ANNIUERSARIA
1065 3247 1232 3296 nanum
1246 3245 1284 3291 IN
1298 3243 1464 3291 ECCLESIA

464 3449 495 3535 iij
572 3447 589 3508 b
632 3441 663 3528 iij
680 3439 766 3504 Non.
836 3425 1098 3498 Anniuersarium
1120 3444 1177 3513 pro
1206 3419 1311 3483 anima
1335 3415 1475 3503 magistri
1490 3411 1607 3477 Adami
1633 3405 1786 3475 Gordonn

866 3543 940 3610 olim
951 3537 1080 3606 rectoris
1091 3559 1110 3599 a
1120 3529 1262 3598 Kinkell.
1280 3527 1347 3612 Qui
1360 3527 1438 3593 obiit
1452 3548 1535 3591 anno
1549 3521 1680 3588 Domini
1692 3521 1786 3585 1508.

465 3671 561 3758 xxviij
571 3670 597 3756 f
640 3665 682 3752 iiij
693 3662 769 3728 Kal.
830 3651 1092 3723 Anniueraarinm
1107 3668 1163 3734 pro
1178 3643 1283 3708 anima
1293 3639 1434 3730 magistri
1442 3634 1617 3704 Alexandn'
1632 3631 1786 3700 Garroun.

876 3765 942 3850 Qui
956 3763 1033 3830 obiit
1048 3782 1130 3826 anno
1143 3755 1274 3822 Domini
1290 3757 1383 3821 1398.
