4050 5534
930 653 1237 731 sucrsmusr
1600 657 1754 755 [seem

519 969 601 1043 LX.
629 968 687 1041 De
703 966 864 1043 custodia
880 967 1112 1042 Eucharistie
1128 979 1168 1043 et
1184 965 1389 1043 visitatione
1405 969 1630 1044 infirmorum
1647 1011 1656 1027 ·

416 1195 499 1290 Hijs
532 1194 698 1267 addimus
736 1195 847 1266 etism
881 1195 977 1286 quod
1011 1217 1096 1266 cum
1129 1190 1335 1267 Euharistia
1366 1196 1413 1268 ad
1446 1205 1613 1292 egrotum
1647 1195 1758 1266 suerit

416 1307 609 1382 deferenda
624 1305 758 1378 habeat
774 1303 937 1378 sacerdos
959 1307 1120 1401 pixidem
1138 1308 1310 1379 mundam
1327 1308 1365 1378 in
1382 1331 1455 1401 qua
1470 1305 1516 1380 iit
1531 1305 1638 1380 bursa
1652 1330 1758 1379 mun·

416 1416 554 1494 diffima
575 1428 614 1491 et
640 1419 678 1490 in
704 1442 748 1491 ea
773 1418 912 1491 deserat
942 1441 1071 1514 corpus
1096 1419 1317 1491 dominicum
1346 1420 1393 1492 ad
1421 1430 1588 1516 egrotum
1617 1419 1757 1492 lintheo

415 1534 550 1605 mundo
574 1527 793 1625 superposito
812 1529 968 1603 'lucerna
992 1530 1212 1624 precedente
1240 1541 1281 1605 et
1309 1533 1555 1605 tintinnabulo
1582 1534 1628 1606 ad
1655 1535 1757 1605 cuius

414 1645 571 1717 sonitum
589 1645 771 1716 excitetur
787 1642 935 1714 deuotio
952 1642 1114 1714 hdeIIum
1135 1640 1201 1714 nisr
1219 1667 1305 1740 eger
1321 1645 1432 1716 suerit
1447 1643 1553 1717 valde
1569 1655 1730 1717 remotus
1746 1685 1756 1702 ·

415 1758 618 1850 habeatque
636 1752 798 1827 sacerdos
819 1748 947 1826 stolam
971 1755 1165 1847 quamdam
1182 1756 1326 1850 quando
1343 1757 1443 1829 vadit
1460 1757 1505 1829 ad
1527 1767 1693 1852 egrotum
1718 1767 1757 1828 et

415 1865 442 1940 fi
460 1878 605 1965 egrotus
630 1876 792 1940 remotus
817 1890 891 1938 non
913 1867 1025 1938 fuerit
1049 1867 1088 1938 in
1108 1864 1357 1962 superpellicio
1374 1869 1548 1942 decenter
1570 1869 1616 1940 ad
1640 1865 1756 1964 ipsum

415 1981 563 2055 accedat
586 1977 613 2052 sl
637 1983 730 2053 aeria
754 1981 949 2074 temperies
976 1980 1136 2074 patiatur
1162 1980 1364 2073 habeatque
1382 2002 1444 2052 ras
1468 1991 1681 2077 argenteum
1697 1981 1757 2052 rel

415 2092 604 2167 stanneum
629 2093 675 2164 ad
702 2093 770 2164 hoc
797 2089 1001 2187 specialiter
1028 2092 1242 2185 deputatum
1268 2093 1365 2186 qnod
1394 2093 1534 2166 deferat
1562 2091 1684 2165 secum
1711 2094 1757 2164 ad

415 2215 581 2303 egrotum
598 2215 639 2278 vt
664 2207 701 2276 in
728 2229 771 2276 eo
789 2204 910 2276 valeat
936 2206 1020 2276 dare
1046 2215 1173 2298 egroto
1197 2199 1276 2297 post
1300 2201 1478 2298 sumptam
1497 2201 1758 2277 Eucharistiam

414 2317 558 2391 suorum
584 2314 779 2413 [loturam]
806 2317 1002 2412 digitorum
1021 2355 1029 2373 ·
1048 2315 1187 2388 deserat
1211 2324 1335 2389 autem
1352 2315 1515 2390 sacerdos
1537 2339 1665 2411 corpus
1682 2315 1758 2388 Do·

416 2433 588 2502 minicum
606 2439 692 2501 aute
709 2431 835 2522 pestus
852 2426 955 2499 suum
973 2438 1209 2499 reuerenter·

796 2650 899 2724 LXI.
927 2651 984 2724 De
1002 2661 1167 2724 extrema
1182 2655 1351 2725 mitione
1369 2693 1378 2711 ·

417 2879 597 2952 Maneant
613 2876 807 2973 diligenter
823 2874 1026 2948 sacerdotes
1043 2877 1204 2948 infirmos
1217 2878 1452 2971 parochianos
1463 2877 1544 2950 suos
1556 2903 1579 2952 a
1590 2889 1759 2973 quatuor·

417 2993 533 3064 decim
550 2991 653 3063 annis
671 2998 710 3062 et
726 2986 831 3082 supra
848 2989 893 3061 ad
911 2998 1112 3062 extremam
1130 2991 1335 3061 unitionem
1353 3001 1392 3064 et
1409 2992 1577 3064 omnibus
1600 2993 1759 3087 petenti-

416 3105 483 3177 bus
500 3113 539 3175 et
556 3102 805 3196 penitentibus
821 3103 934 3196 gratis
948 3111 986 3173 et
1004 3101 1162 3174 libenter
1173 3102 1371 3174 exhibeant
1387 3103 1456 3175 boc
1472 3102 1757 3177 sacramentum·

418 3216 513 3288 Item
527 3215 749 3286 denuncient
762 3215 814 3284 eis
827 3212 922 3306 quod
938 3212 1007 3286 hoc
1021 3210 1285 3286 sacramentum
1302 3212 1421 3309 potest
1432 3217 1554 3289 itemri
1567 3215 1703 3290 scillcet
1719 3220 1758 3289 in

416 3327 577 3422 qualibet
593 3327 805 3397 infirmitate
823 3326 869 3396 de
887 3348 958 3417 que
975 3328 1128 3398 timetur
1143 3335 1264 3398 metus
1281 3330 1408 3400 mortis
1424 3338 1465 3400 et
1481 3330 1577 3422 qnod
1592 3327 1757 3424 posthoc

415 3437 679 3511 sacramentum
704 3437 791 3509 licet
816 3439 979 3508 conuerti
1001 3438 1046 3510 ad
1068 3461 1158 3533 opus
1183 3439 1372 3535 coniugale
1389 3442 1491 3513 etad
1508 3439 1636 3513 aliavt
1660 3443 1759 3535 prius

416 3550 540 3623 licita·
561 3547 694 3622 Oleum
712 3558 835 3621 autem
860 3547 1082 3620 infirmorum
1109 3573 1193 3622 cum
1218 3554 1424 3625 reuerentia
1445 3553 1627 3625 deferatur
1642 3555 1688 3626 ad
1705 3555 1760 3624 in·

415 3665 535 3734 firmos
554 3673 592 3734 et
610 3683 672 3734 eos
690 3684 774 3734 cum
798 3661 934 3732 honore
954 3659 1117 3734 sacerdos
1134 3671 1246 3758 rugat
1263 3673 1302 3734 et
1318 3665 1522 3735 orationum
1547 3662 1759 3738 celebritate

415 3799 486 3869 que
509 3776 554 3848 ad
580 3776 648 3847 hoc
666 3773 749 3846 sunt
775 3774 939 3846 ordinate
956 3785 995 3846 et
1012 3773 1105 3845 nihil
1130 3775 1216 3846 inde
1241 3798 1309 3847 nec
1335 3797 1401 3869 pro
1425 3773 1504 3870 nlijs
1529 3772 1759 3849 sacramentis

415 3891 581 3984 exigatur
599 3928 606 3944 ·

681 4109 806 4183 LXII.
834 4109 891 4183 De
909 4113 985 4185 vita
1005 4122 1044 4183 et
1060 4110 1248 4186 honestate
1265 4112 1501 4186 clericomm·

414 4337 470 4411 Vt
495 4336 707 4409 clericorum
731 4333 832 4409 asbus
850 4347 888 4407 et
905 4358 1024 4408 mores
1051 4339 1089 4409 in
1106 4337 1238 4410 melius
1261 4338 1504 4410 reformentur
1529 4341 1758 4411 continenter

413 4459 451 4521 et
469 4443 564 4521 caste
582 4450 704 4519 viuere
724 4444 892 4518 studeant
909 4444 1066 4520 vniucrfi
1090 4447 1277 4543 presertim
1294 4451 1332 4520 iu
1349 4447 1455 4522 sacris
1472 4451 1657 4524 ordinibus
1673 4475 1757 4523 eon-

413 4559 529 4632 stituti
553 4559 598 4632 ab
616 4560 714 4630 omni
739 4558 900 4630 libidinis
918 4561 1012 4632 vicio
1038 4570 1276 4654 precauentes
1293 4570 1331 4634 et
1348 4561 1505 4656 crapulis
1522 4573 1562 4635 et
1579 4562 1756 4636 ebrietate
