4050 5534
242 657 345 752 xm]
708 654 1115 729 ABERDONENSE.

240 855 379 951 Lungle
391 879 457 950 per
470 857 643 928 vicarium
660 877 728 926 αν·
745 877 886 928 marco·
935 855 1095 928 Turreoh
1114 855 1174 927 ·lx·
1193 879 1316 930 maroe
1336 900 1344 916 ·

284 991 349 1062 pro
362 971 470 1041 terris
482 966 640 1041 eiusdem
655 968 728 1061 ·iiij·
741 989 862 1039 maroe
881 1011 889 1026 ·
941 966 1116 1040 Mumbre
1134 967 1181 1062 ·ij·
1200 991 1346 1042 marce·

283 1103 349 1174 per
363 1083 540 1154 restorem
556 1081 690 1173 ·xxxvj·
707 1103 829 1153 marce
846 1119 854 1136 ·
937 1078 1111 1152 Rothuen
1122 1090 1160 1153 et
1172 1079 1327 1154 Forscan
1338 1084 1436 1175 ·xxij·
1449 1106 1588 1157 marce·

239 1193 382 1287 Rathyn
400 1193 535 1264 miv·
551 1213 673 1265 marce
691 1234 700 1250 ·
937 1189 1095 1286 Fordyse
1111 1191 1230 1265 Oulan
1246 1206 1284 1266 et
1297 1193 1505 1288 'Pulywhull
1524 1196 1586 1267 -lx·

239 1304 464 1377 Crechmond
481 1327 555 1376 ·xx·
572 1328 694 1377 maroe
711 1345 720 1360 ·
984 1326 1106 1376 marce
1123 1341 1131 1360 ·

240 1416 379 1488 Lunme
396 1439 466 1488 ·xv·
482 1439 606 1488 marco
625 1461 633 1477 ·

239 1527 408 1622 Fylorthe
424 1529 553 1620 ·xxiiij·
571 1551 694 1600 marce
713 1569 720 1584 ·
1014 1527 1167 1598 Summa
1184 1527 1291 1598 huius
1310 1529 1507 1602 decanatus

239 1639 333 1712 Dete
351 1641 440 1734 diiij·
458 1663 580 1712 marce
598 1681 607 1696 ·
1090 1639 1261 1733 -ccc·lxij·
1279 1663 1399 1714 marce
1417 1667 1463 1714 ·x·
1481 1641 1584 1715 solidi

240 1751 359 1846 Fyvyn
378 1775 444 1845 per
456 1753 629 1823 vicarium
648 1773 722 1820 ·xx·
739 1773 888 1821 marce·

284 1887 348 1957 per
371 1867 548 1936 τθᾶοτθω
571 1863 632 1956 ·lij·
652 1885 772 1934 maroe
790 1901 799 1918 ·
817 1885 883 1954 pro

285 1977 389 2046 terris
405 1971 556 2048 eeclefie
574 1998 619 2044 ·x·
638 1997 761 2046 maroe
774 1985 813 2044 et
826 1973 880 2043 di·
981 1971 1192 2044 Decanatus
1211 1975 1256 2046 de.
1275 1974 1456 2048 Garuiaoh
1476 2017 1484 2032 ·

284 2089 419 2160 midia-

240 2199 428 2272 Methelak
444 2201 504 2272 ·xl·
523 2221 668 2271 maroe·
933 2194 1071 2289 Fyntre
1092 2219 1158 2289 per
1178 2198 1353 2269 vicarium
1370 2222 1417 2270 ·x·
1437 2222 1556 2272 marce
1576 2245 1584 2260 ·

238 2311 365 2383 'Parvae
375 2313 618 2406 pervicarium
629 2311 877 2402 ·xxij·marce·
977 2331 1043 2401 per
1059 2310 1188 2404 garbas
1205 2331 1277 2380 ·xx·
1297 2310 1418 2382 oeldre
1444 2313 1558 2384 farine
1576 2353 1584 2370 ·

284 2447 347 2516 per
380 2423 509 2519 garbas
546 2436 584 2494 et
621 2431 735 2493 terras
772 2420 879 2514 ·xliij·
982 2430 1021 2491 et
1039 2421 1085 2513 ·ij·
1104 2443 1225 2492 marce
1242 2444 1326 2494 cum
1344 2423 1519 2496 dimidia·

286 2559 403 2608 marce
420 2573 429 2592 ·
932 2530 1343 2626 Kynkelleumcapellis
1353 2535 1453 2628 ·iiij¹¹·
1463 2559 1583 2608 marce

235 2643 674 2740 Bothelnypervicarium
686 2667 728 2714 ·v·
741 2667 882 2717 marce·
983 2653 1022 2715 et
1041 2666 1086 2714 ·x·
1105 2666 1254 2716 maroe·

285 2781 346 2851 per
361 2761 536 2832 re&0rem
555 2759 690 2850 ·xxviij·
708 2779 854 2830 maroe·
931 2755 1226 2850 Bourty·xxxiiij·
1237 2764 1582 2834 maroecumterris·

930 2869 1141 2963 Innerowry
1174 2891 1240 2962 per
1273 2872 1449 2942 vicarium
1484 2877 1580 2967 ·xvij·

312 2982 464 3054 Summa
479 2982 587 3054 huius
605 2981 801 3053 decanatus
979 3004 1101 3054 maroe
1112 3004 1195 3054 cum
1207 2981 1358 3052 dimidia
1370 3021 1378 3040 ·
1390 3007 1455 3075 per
1466 2984 1582 3056 refito-

343 3094 411 3186 ·vj⁰·
430 3101 469 3165 et
487 3094 599 3187 ·xlvlj·
617 3115 737 3164 marce
757 3132 765 3149 ·
978 3116 1057 3164 rem
1075 3093 1135 3164 ·ix·
1155 3115 1275 3163 marce
1294 3102 1332 3163 et
1352 3116 1398 3164 ·x·
1418 3091 1520 3165 solidi
1543 3107 1581 3168 et

980 3206 1106 3298 ·xxiiij·
1127 3203 1248 3276 oeldre
1265 3204 1380 3276 farine
1399 3245 1407 3262 ·

340 3428 552 3501 Deeanatus
569 3431 615 3500 de
633 3428 768 3522 Buyn·
931 3424 1143 3520 Ochtrelyff
1168 3449 1233 3520 per
1262 3430 1439 3500 re&0rem
1468 3434 1577 3524 ·xxvj·

979 3561 1099 3610 marce
1133 3576 1142 3593 ·
1176 3563 1241 3632 per
1279 3539 1495 3635 alteragium
1535 3568 1578 3613 ·x·

234 3653 447 3746 Abredouyr
464 3653 599 3745 ·xxviij·
616 3674 738 3723 marce
756 3692 764 3707 ·
979 3673 1101 3722 marce
1120 3689 1128 3708 ·

233 3764 323 3859 Tyry
340 3766 398 3858 ·vj·
416 3787 537 3836 marce
556 3805 563 3820 ·
929 3759 1048 3856 Forge
1066 3785 1162 3832 ¹xxx·
1182 3783 1327 3834 maroe·

234 3877 389 3971 Gamery
404 3899 503 3947 ·xxx·
522 3898 643 3947 marce
661 3919 669 3932 ·
929 3871 1351 3964 Durnaohpervioarium
1363 3897 1431 3946 ·xx·
1443 3899 1577 3950 marce·

233 3987 329 4062 Banf
349 4010 473 4060 mv·
500 4009 622 4058 marce
643 4027 652 4044 ·
675 3986 722 4056 de
746 3985 878 4078 quibus
977 4007 1044 4078 per
1076 3982 1254 4056 reatorem
1290 3986 1350 4077 ·xj·
1386 4009 1505 4060 marce
1539 4004 1577 4064 et

278 4100 388 4172 abbas
398 4095 553 4192 percipit
564 4121 634 4168 ·xv·
646 4119 803 4168 marcas·
813 4118 879 4190 per
979 4119 1077 4166 ·xxx·
1097 4095 1218 4167 oeldre
1235 4097 1350 4167 farine
1368 4138 1376 4153 ·

278 4207 406 4305 garbas
422 4208 582 4281 eiusdem
600 4207 660 4278 ·xl·
680 4230 825 4279 marce·
928 4202 1036 4300 Ovyn
1054 4230 1152 4278 ·xxx·
1171 4229 1318 4277 marce·

233 4319 387 4416 Forglen
404 4319 464 4411 ·iij·
482 4341 602 4390 marce
620 4359 627 4374 ·
929 4317 1102 4390 Prameth
1113 4318 1576 4413 pervicariumdiijwarce·

231 4431 370 4504 Alueth
388 4429 461 4523 ·lvj·
479 4451 599 4500 marce
617 4453 663 4499 ·x·
683 4427 786 4500 solidi
804 4469 812 4485 ·
976 4450 1042 4521 per
1058 4431 1232 4500 re&orem
1251 4429 1333 4522 mq'·
1353 4451 1473 4504 marce
1492 4474 1499 4490 ·

232 4540 464 4636 Kynedward
481 4563 579 4612 mxx·
598 4562 745 4611 maroe·
929 4536 1052 4611 Insula
1078 4562 1142 4632 per
1159 4541 1331 4611 vicarium
1350 4542 1406 4634 ·vj·
1430 4566 1549 4617 marce
1568 4589 1575 4604 ·
