4050 5534
443 632 514 698 302
989 615 1295 694 REGISTRUM
1631 619 1782 716 [sucum

443 825 540 897 boris
573 824 755 895 eanonieia
784 822 923 893 diurnis
956 821 1092 915 pariter
1124 829 1163 892 et
1197 819 1382 891 noitumis
1416 814 1703 891 deseruientibus
1719 859 1728 876 ·
1746 857 1780 876 ··

443 958 509 1029 pro
526 957 597 1006 vua
612 929 713 1007 miffa
729 935 775 1007 de
800 929 919 1006 finito
945 931 1071 1027 spiritu
1088 933 1277 1004 annuatim
1294 931 1394 1004 omni
1410 943 1540 1024 quarta
1556 931 1646 1004 feria
1662 932 1701 1002 in
1717 928 1785 1004 fin-

444 1047 540 1144 guiis
556 1046 758 1119 ebdomatis
782 1069 847 1140 per
863 1045 978 1118 meos
1001 1045 1157 1137 priorem
1175 1051 1215 1115 et
1232 1043 1360 1116 fratres
1377 1052 1416 1115 et
1433 1066 1558 1115 eorum
1576 1037 1785 1116 suooeffores

444 1163 699 1254 inperpetuum
729 1157 945 1230 celebranda
970 1180 1036 1251 pro
1061 1155 1251 1228 animabus
1281 1157 1461 1248 quondam
1492 1155 1587 1227 bone
1614 1157 1785 1229 memorie

446 1271 569 1359 Dauid
594 1267 760 1343 Colisone
785 1270 945 1366 Agnetis
970 1268 1109 1342 Feehat
1132 1267 1219 1339 olim
1245 1267 1365 1341 fratris
1391 1277 1430 1341 et
1459 1269 1585 1340 matris
1611 1265 1786 1339 Jobaunis

447 1381 614 1456 Colisoue
639 1391 679 1454 et
703 1377 886 1478 fignanter
909 1407 975 1477 pro
991 1381 1112 1454 anima
1128 1379 1343 1452 venerabilis
1360 1381 1426 1452 viri
1444 1374 1601 1476 magistri
1619 1377 1786 1474 Symouis

296 1548 303 1564 r
446 1493 562 1568 Dodis
588 1494 789 1566 fundatoris
810 1495 973 1567 canonici
990 1487 1260 1566 Aberdonenfis
1287 1515 1330 1566 ao
1346 1492 1570 1587 prebendarij
1589 1491 1635 1564 de
1659 1491 1786 1564 Inuer-

446 1607 560 1702 uotby
603 1648 612 1666 ·
657 1647 666 1666 ·
705 1646 715 1665 ·
757 1604 805 1678 In
830 1628 985 1700 quorum
1010 1607 1173 1677 omnium
1196 1613 1235 1676 et
1260 1599 1478 1700 {iugulorum
1496 1605 1605 1676 fidem
1631 1613 1670 1678 et
1686 1601 1786 1676 testi-

445 1721 609 1792 monium
634 1714 792 1815 {igilium
816 1741 940 1791 meum
965 1740 1038 1791 vna
1060 1740 1144 1791 eum
1170 1711 1285 1812 figillo
1309 1714 1528 1788 honorabilis
1553 1717 1619 1789 viri
1636 1715 1784 1788 Andree

445 1830 585 1904 Oulane
602 1832 707 1903 vuius
722 1829 940 1904 balliuorum
962 1829 1069 1926 burgi
1085 1829 1131 1900 de
1151 1825 1345 1902 Aberdene
1368 1851 1411 1901 ao
1426 1823 1539 1900 safine
1555 1828 1690 1900 datoris
1706 1851 1784 1924 pre-

445 1943 521 2016 fato
547 1943 655 2038 priori
681 1943 828 2014 nomine
853 1951 892 2014 et
916 1965 962 2014 ex
988 1951 1092 2035 parte
1109 1938 1162 2012 sui
1180 1950 1218 2013 et
1235 1939 1321 2014 dieti
1339 1937 1392 2012 sui
1410 1951 1611 2012 conuentus
1628 1941 1783 2014 deditio

445 2077 566 2128 annuo
583 2054 728 2126 redditu
746 2077 809 2126 xx.
826 2055 857 2126 ἔ.
875 2050 1108 2148 superfundo
1133 2051 1293 2147 predisto
1318 2075 1383 2146 per
1401 2074 1510 2124 vnum
1536 2051 1723 2124 denarium
1739 2052 1783 2124 de

445 2164 609 2238 owttoile
625 2176 664 2238 et
688 2165 802 2238 alium
824 2166 1012 2238 denarium
1030 2164 1076 2238 de
1101 2163 1229 2236 intelle
1247 2173 1288 2236 vt
1313 2165 1422 2236 moris
1449 2159 1502 2236 est
1520 2164 1714 2259 burgorum
1731 2160 1783 2236 est

444 2277 661 2373 appensum·
675 2275 789 2373 Apud
799 2277 995 2351 Aberdeue
1007 2277 1057 2370 xij
1071 2275 1161 2370 Maij
1175 2295 1573 2349 s.n.u.occc.uxxx1x.
1585 2297 1704 2355 eoram
1716 2275 1784 2368 hijs

445 2388 597 2463 testibus
619 2389 887 2464 venerabilibus
908 2399 948 2462 et
965 2389 1128 2485 prouidis
1145 2389 1230 2460 viris
1246 2383 1415 2484 magistro
1441 2383 1581 2460 Thomu
1605 2385 1745 2460 Staune
1773 2428 1781 2444 ·

444 2501 613 2574 Johanne
630 2496 755 2596 Byssbt
771 2539 781 2560 ·
800 2500 979 2575 Dunoano
1009 2498 1177 2574 Straloob
1204 2497 1391 2596 sergiando
1420 2523 1485 2594 pro
1512 2507 1675 2594 tempore
1705 2541 1714 2558 ·
1745 2510 1781 2572 et

445 2613 624 2688 Duneauo
649 2613 779 2688 Portar
803 2637 888 2688 oum
914 2609 1063 2686 diuerfis
1088 2611 1168 2706 alijs
1197 2651 1207 2670 ·

353 3031 358 3037 .
442 2961 628 3060 Obligatio
644 2962 787 3061 eollegij
805 2959 955 3037 eeclesoe
972 2965 1069 3037 beati
1088 2961 1270 3058 Nirbolaij
1290 3005 1299 3022 ·

445 3164 642 3261 Vniuerfis
659 3195 785 3282 pateat
800 3211 866 3284 per
881 3185 1066 3282 presentes
1089 3209 1155 3258 noe
1180 3195 1346 3260 curatum
1364 3197 1404 3260 et
1420 3187 1625 3284 oapeliauos
1641 3188 1782 3286 eollegij

442 3294 592 3372 ecoiefie
616 3299 831 3393 paroehialis
855 3301 954 3372 beati
976 3299 1158 3394 Nyoholai
1176 3299 1221 3371 de
1237 3297 1412 3374 Abenieu
1438 3301 1554 3374 teneri
1571 3310 1611 3372 et
1626 3301 1782 3374 fideliter

442 3410 595 3507 obligari
628 3433 771 3483 necnon
805 3421 932 3483 tenore
965 3409 1187 3504 presentium
1223 3409 1376 3484 firmiter
1401 3436 1468 3485 nos
1501 3422 1540 3486 et
1573 3410 1781 3486 suoreffores

441 3520 580 3595 nostros
605 3523 808 3618 obligamus
824 3522 1021 3596 venerabili
1047 3523 1123 3594 viro
1144 3517 1312 3618 magistro
1337 3523 1487 3619 Symoni
1505 3523 1629 3598 Dodes
1653 3528 1779 3598 reitori

441 3637 487 3708 de
521 3635 748 3730 Inuemothy
779 3659 823 3709 ao
856 3637 1028 3709 oanonioo
1059 3629 1309 3706 Aberdoneufi
1341 3637 1526 3731 perpetuis
1559 3637 1781 3732 temporibus

441 3747 573 3819 futuris
600 3747 647 3818 ad
676 3747 933 3820 celebrandum
962 3745 1125 3840 qualibet
1154 3741 1310 3818 secunda
1338 3747 1427 3820 feria
1454 3748 1500 3820 ad
1529 3747 1644 3821 altare
1669 3747 1778 3822 unas

440 3856 590 3930 Andree
614 3853 765 3951 apostoii
791 3859 884 3932 infra
903 3859 1036 3930 diuam
1053 3852 1240 3930 eeclesiam
1257 3852 1430 3932 fituatum
1448 3883 1556 3932 vuum
1580 3858 1717 3934 miffam
1735 3863 1779 3934 de

439 3969 563 4062 requie
587 3991 672 4041 oum
697 3969 849 4042 oollebia
866 3993 932 4063 pro
947 3971 1069 4042 anima
1086 3969 1265 4064 quondam
1291 3971 1387 4044 bone
1411 3975 1583 4045 memorie
1602 3971 1779 4048 Johanuis

439 4082 583 4152 comitis
607 4080 654 4153 de
679 4080 766 4153 Mar
794 4083 967 4175 quamdiu
998 4083 1113 4154 ditius
1143 4083 1336 4156 canonieus
1363 4085 1496 4156 vixerit
1525 4093 1564 4156 et
1593 4081 1671 4178 post
1701 4089 1778 4160 eius

438 4186 618 4264 deeeffum
637 4216 702 4287 pro
722 4193 911 4266 animabus
935 4191 1091 4287 ipsorum
1109 4217 1151 4266 ae
1168 4196 1331 4266 omnium
1348 4194 1509 4268 fidelium
1527 4195 1776 4271 defunoiomm

439 4325 522 4374 oum
544 4300 680 4396 psalmo
697 4304 744 4376 de
760 4304 948 4399 profundis
964 4305 1009 4376 ad
1028 4306 1185 4398 primum
1210 4303 1394 4378 lauaorum
1410 4304 1604 4381 'cuiussibet
1619 4309 1719 4384 muse
1735 4337 1776 4386 ao

437 4413 485 4485 od
513 4413 769 4488 celebrandum
794 4427 833 4490 et
862 4417 1082 4490 cantandum
1112 4413 1192 4511 post
1221 4417 1363 4490 obitum
1389 4415 1491 4492 suum
1520 4426 1708 4496 annuatim
1738 4429 1774 4498 in

439 4523 619 4597 dominica
641 4529 806 4618 proxima
829 4525 1002 4622 sequente
1024 4552 1130 4602 vnam
1156 4525 1291 4603 miffam
1319 4531 1364 4604 de
1390 4541 1476 4605 nota
1499 4556 1565 4627 pro
1589 4537 1774 4612 animabus
