4050 5534
448 595 518 662 282
964 585 1271 662 REGISTRUM
1634 590 1783 686 [sucum

448 783 555 860 masse
566 787 695 860 Ionete
712 788 757 861 de
767 785 920 882 Berolay
932 785 1056 860 relide
1068 787 1247 880 quondam
1263 789 1398 861 domiui
1409 787 1433 862 J
1435 789 1586 862 obannis
1596 788 1642 862 (le
1656 787 1785 883 Mony-

449 923 552 973 mous
568 899 695 972 militis
711 909 827 972 totam
844 909 977 971 terram
995 921 1114 971 meam
1132 900 1177 972 de
1203 897 1342 972 Meiros
1360 923 1442 973 cum
1467 901 1700 995 pertinencijs
1717 923 1784 972 vna

448 1037 531 1086 cum
548 1011 755 1084 molendino
772 1010 932 1084 eiusdem
949 1011 1043 1083 infra
1068 1012 1362 1085 vicecomitatum
1380 1013 1426 1084 de
1443 1013 1543 1084 Bans
1563 1035 1628 1106 pro
1645 1015 1723 1084 iure
1747 1023 1783 1082 et

447 1128 585 1199 clameo
601 1147 672 1218 que
688 1124 817 1195 habuit
833 1123 943 1194 babet
960 1123 1018 1194 vel
1030 1123 1161 1195 babere
1172 1126 1307 1218 poterit
1324 1127 1361 1196 iu
1379 1125 1543 1196 futurum
1561 1124 1607 1195 de
1619 1123 1784 1195 omuibus

447 1238 641 1330 terrisque
665 1257 731 1329 per
753 1234 958 1306 Jobaunem
983 1234 1030 1306 de
1055 1234 1208 1331 Berclay
1233 1247 1374 1330 patrem
1400 1233 1509 1331 ipsius
1534 1237 1678 1309 inierant
1702 1258 1770 1308 con

447 1345 570 1444 queste
586 1386 595 1405 ·
612 1347 820 1420 Tenendum
836 1356 875 1417 et
890 1345 1093 1420 habendam
1111 1347 1207 1420 dioc
1224 1347 1354 1421 Ionete
1372 1349 1532 1422 Mariote
1545 1363 1583 1420 et
1594 1347 1783 1420 Elisabeth

448 1462 589 1533 filiabus
605 1460 786 1554 quondam
799 1458 885 1529 disti
898 1458 1034 1529 domiui
1048 1456 1072 1529 J
1074 1459 1224 1532 ohannis
1236 1462 1281 1532 de
1296 1460 1506 1533 Monimous
1520 1469 1559 1532 et
1576 1483 1701 1532 eornm
1712 1459 1784 1530 cui·

447 1573 537 1646 libet
554 1574 693 1643 diucius
705 1572 844 1642 viueuti
862 1592 929 1642 nec
945 1592 1019 1641 non
1037 1571 1228 1643 heredibus
1245 1573 1290 1644 de
1307 1595 1429 1645 emum
1456 1573 1662 1666 corporibus
1679 1571 1783 1665 legit-

447 1688 537 1758 time
553 1682 782 1780 procreandis
794 1717 803 1736 ·
817 1683 947 1774 quibus
963 1682 1057 1754 sorte
1076 1674 1326 1756 deficientibus
1340 1686 1530 1757 heredibus
1544 1686 1638 1756 diste
1656 1682 1782 1754 Iouete

447 1800 493 1870 de
510 1794 730 1891 corporesuo
742 1794 905 1889 legitime
922 1795 1170 1888 procreandis·
1185 1797 1414 1889 quibusvero
1428 1797 1679 1868 deficientibus
1692 1795 1783 1866 veris

446 1920 485 1983 et
502 1908 673 2004 legitimis
697 1906 888 1978 heredibus
914 1906 999 1976 diei
1018 1905 1166 1980 Andree
1192 1905 1463 2002 quibuscunque
1480 1911 1519 1980 in
1537 1909 1641 1980 feodo
1667 1917 1706 1978 et
1722 1906 1782 1977 be-

445 2023 599 2095 reditate
616 2043 681 2114 per
696 2041 822 2090 omues
839 2017 952 2090 restas
975 2027 1091 2090 metas
1107 2029 1146 2090 et
1164 2018 1295 2092 diuisas
1313 2019 1391 2094 suas
1417 2023 1453 2092 in
1479 2019 1595 2092 boscis
1613 2027 1651 2090 et
1669 2018 1782 2112 planis

444 2136 554 2206 moris
582 2127 757 2224 marressjs
783 2132 850 2223 vijs
872 2133 974 2224 aquis
998 2127 1132 2224 stagnis
1157 2132 1373 2204 molendinis
1396 2133 1565 2204 multuris
1592 2143 1631 2204 et
1658 2151 1780 2202 eorum

444 2246 597 2340 sequelis
619 2243 919 2337 aucupationibus
936 2243 1188 2315 venationibus
1207 2254 1245 2316 et
1262 2241 1420 2338 piscarijs
1438 2257 1513 2317 tam
1530 2268 1603 2317 nou
1621 2243 1781 2314 uomina·

444 2362 493 2431 tis
509 2381 617 2451 quam
634 2357 830 2426 nominatis
842 2355 887 2427 ad
901 2355 1034 2426 distem
1045 2365 1178 2427 terram
1196 2379 1278 2428 cum
1296 2356 1505 2429 molendino
1522 2356 1682 2452 prediblo
1699 2375 1778 2425 cum

444 2470 674 2566 pertinentijs
687 2465 931 2560 spectantibus
944 2464 1005 2538 seu
1017 2489 1161 2559 quoquo
1175 2469 1281 2539 modo
1294 2465 1385 2540 iuste
1403 2466 1560 2564 spebtare
1577 2467 1780 2540 valentibus

444 2583 663 2654 infuturum
681 2580 792 2650 libere
810 2581 932 2672 quiete
948 2577 1110 2672 plenarie
1126 2579 1322 2652 honorilice
1340 2582 1433 2652 bene
1450 2591 1488 2652 et
1506 2581 1543 2651 iu
1554 2603 1665 2675 pace·
1685 2577 1780 2649 Red-

444 2696 563 2767 deudo
580 2694 665 2765 inde
681 2692 769 2763 milri
787 2701 826 2762 et
843 2691 1036 2763 heredibus
1062 2693 1153 2762 meis
1179 2694 1366 2764 annuatim
1393 2715 1503 2764 vuum
1522 2692 1709 2763 denarium
1726 2713 1779 2761 ar-

442 2810 544 2902 genti
563 2807 709 2877 nomine
727 2804 809 2876 albe
826 2805 929 2874 firme
946 2802 1041 2896 apud
1060 2801 1169 2874 Douu
1187 2805 1230 2875 ad
1250 2801 1380 2876 sestum
1393 2801 1618 2898 pentecostes
1636 2814 1778 2875 tantum

443 2917 653 3014 ilpetatur·
672 2917 752 3012 Ego
769 2939 855 2988 vcro
871 2923 910 2987 et
934 2915 1086 2987 heredes
1103 2917 1174 2986 mei
1196 2925 1234 2986 et
1251 2911 1414 3010 assignati
1429 2915 1629 3011 obligamus
1644 2925 1777 2987 terram

441 3029 599 3104 nostram
617 3032 662 3102 de
680 3028 863 3122 Garntuly
879 3028 1078 3120 predictam
1097 3029 1142 3099 ad
1159 3025 1421 3100 obseruandum
1441 3041 1480 3100 et
1505 3025 1776 3100 custodiendum

441 3146 617 3239 prefatam
634 3154 768 3214 terram
786 3141 831 3213 de
856 3139 994 3212 Melros
1011 3163 1083 3212 vua
1099 3163 1181 3212 cum
1199 3140 1407 3212 molendino
1425 3141 1582 3212 eiusdem
1599 3163 1683 3212 cum
1701 3160 1779 3232 per·

442 3253 607 3350 tinentijs
623 3255 790 3348 prodistis
807 3255 1007 3323 immunem
1035 3266 1073 3324 et
1090 3251 1238 3324 liberam
1257 3253 1302 3325 ab
1328 3253 1514 3324 exactione
1540 3262 1578 3324 et
1601 3250 1777 3322 solutione

441 3371 552 3440 annui
569 3369 731 3439 redditus
748 3366 874 3437 decem
893 3365 1065 3436 librarum
1083 3363 1332 3460 sterlingorum
1351 3375 1389 3436 et
1406 3375 1560 3459 quatuor
1577 3363 1776 3437 celdrarum

441 3483 613 3554 frumenti
632 3480 834 3550 debitarum
852 3477 998 3547 domino
1016 3475 1135 3550 nostro
1153 3479 1227 3574 regi
1245 3517 1254 3536 ·
1282 3475 1326 3548 In
1344 3479 1446 3550 cuius
1463 3479 1514 3548 rei
1531 3473 1775 3548 testimonium

440 3593 594 3689 presenti
613 3602 711 3664 carte
736 3612 859 3660 meum
877 3587 1023 3682 apposui
1035 3585 1188 3685 sigillum
1207 3631 1216 3648 ·
1235 3585 1385 3661 testibus
1396 3588 1509 3660 nobili
1531 3591 1606 3660 viro
1632 3590 1776 3660 domino

441 3706 653 3779 Alexandro
671 3700 796 3774 Fraser
819 3701 937 3772 milite
962 3702 1175 3774 vicecomite
1193 3704 1238 3774 de
1255 3699 1429 3774 Aberdeu
1447 3743 1455 3759 ·
1474 3699 1643 3797 magistro
1669 3701 1776 3797 Regi-

440 3819 548 3891 naldo
566 3819 611 3888 de
629 3811 779 3910 Ogiston
797 3815 934 3884 reone
952 3811 1100 3886 ecclesie
1117 3814 1162 3886 de
1189 3814 1317 3886 Forres
1335 3855 1344 3874 ·
1364 3812 1554 3885 Willelmo
1568 3814 1613 3886 de
1624 3813 1774 3908 Berclay

443 3935 488 4004 de
497 3929 603 4024 Tolly
613 3929 759 4001 domiuo
772 3927 817 3997 de
829 3925 984 3998 Kercov
999 3967 1007 3984 ·
1027 3925 1164 3998 'lbomu
1176 3925 1300 4000 Fraser
1312 3927 1456 3998 domino
1474 3927 1520 3998 de
1536 3925 1723 4000 Comtouu
1737 3939 1775 3999 et

437 4044 563 4116 multis
583 4041 687 4135 alijs·
