4050 5534
432 641 503 710 938
948 631 1254 723 REGISTRUM
1618 633 1770 731 [ascum

436 859 524 906 num
550 849 588 907 et
612 835 848 932 blasphemias
870 859 994 908 eorum
1021 858 1069 908 ne
1093 835 1291 908 metuatis·
1316 833 1421 908 Sicut
1448 837 1546 907 enim
1573 829 1764 908 vestimen·

437 962 515 1021 tum
548 947 598 1022 src
631 949 797 1023 comedet
822 973 883 1021 eos
908 949 1039 1020 vermis
1072 956 1111 1021 et
1136 942 1226 1020 srcnt
1252 946 1371 1021 lanam
1403 944 1450 1020 fic
1481 947 1670 1020 deuorabit
1700 969 1760 1022 eos

437 1063 536 1134 tinea
552 1103 561 1120 ·
580 1061 687 1134 Salus
711 1071 834 1133 autem
857 1083 939 1133 mea
954 1062 993 1131 in
1010 1057 1267 1155 sempiternum
1292 1061 1361 1132 erit
1395 1069 1434 1132 et
1463 1057 1602 1132 iusticia
1627 1061 1760 1136 masin

437 1175 687 1269 generationes
703 1175 978 1267 generationum
995 1212 1004 1229 ·

527 1509 731 1586 Donrsrca
749 1533 926 1584 secusne
943 1509 1160 1582 Auossrus
1179 1506 1332 1584 Donum
1353 1551 1361 1570 ·
1383 1507 1446 1592 Ao
1466 1507 1657 1584 Borissos
1677 1552 1685 1568 ·

489 1737 659 1810 Fratres·
677 1738 901 1830 Quocunque
927 1737 1026 1808 enim
1051 1734 1180 1832 scripta
1207 1734 1290 1810 sunt
1319 1737 1364 1810 ad
1389 1733 1546 1810 nostram
1574 1739 1768 1812 dodtrinam

439 1849 569 1943 scripte
583 1847 667 1922 sunt
683 1860 724 1920 vt
741 1873 805 1945 per
820 1849 1035 1943 patientiam
1053 1857 1091 1922 et
1108 1847 1387 1923 consolationem
1403 1848 1656 1944 scripturarum
1675 1849 1772 1944 spem

439 1962 634 2034 babeamus
663 2001 671 2020 ·
703 1961 804 2034 Deus
833 1972 958 2034 autem
984 1963 1160 2054 patientie
1190 1973 1228 2035 et
1257 1963 1375 2057 solacij
1403 1963 1467 2036 det
1494 1965 1595 2035 vobis
1620 1960 1771 2058 idipsum

440 2075 562 2169 sapere
578 2076 616 2145 in
633 2074 848 2146 alterutrum
866 2071 1061 2144 secundum
1087 2073 1206 2146 Iesum
1224 2071 1405 2147 Christum
1417 2114 1427 2133 ·
1441 2087 1480 2147 vt
1497 2079 1683 2148 vnanimes
1702 2100 1771 2150 vno

440 2211 501 2260 ore
510 2187 753 2260 honorificetis
764 2185 884 2258 Deum
903 2194 941 2256 et
958 2194 1098 2280 patrem
1116 2187 1252 2258 domini
1265 2185 1375 2260 nostri
1392 2184 1475 2259 Iesu
1493 2185 1647 2260 Christi·
1664 2187 1773 2284 Prop-

441 2315 497 2373 ter
522 2300 617 2394 quod
643 2297 810 2396 suscipite
826 2301 984 2370 inuicem
1001 2294 1093 2370 ficut
1110 2307 1148 2370 et
1165 2295 1327 2371 Christus
1349 2296 1501 2394 suscepit
1518 2321 1581 2372 vos
1598 2303 1638 2374 in
1662 2303 1773 2374 hono-

440 2438 517 2486 rem
534 2412 606 2484 Dei
623 2453 632 2470 ·
652 2411 744 2483 Dico
762 2413 859 2483 enim
876 2406 1058 2482 Christum
1085 2408 1206 2482 Iesum
1233 2409 1436 2484 ministrum
1461 2407 1561 2484 fuisse
1587 2415 1772 2488 circumci-

441 2522 547 2597 sionis
563 2533 710 2619 propter
722 2525 913 2596 veritatem
932 2519 1001 2592 Dei
1016 2523 1060 2594 ad
1078 2523 1336 2596 confirmandas
1350 2520 1594 2618 promissiones
1607 2537 1772 2620 patrum·

441 2639 581 2712 Gentes
598 2645 721 2710 autem
747 2633 852 2729 super
876 2631 1116 2708 misericordia
1138 2635 1311 2708 bonorare
1337 2635 1458 2708 Deum
1485 2633 1578 2710 ficut
1602 2637 1772 2733 scriptum

442 2747 496 2824 est
513 2749 713 2845 Propterea
739 2746 937 2821 confitebor
962 2747 1030 2818 tibi
1056 2748 1094 2818 in
1117 2749 1287 2841 gentibus
1313 2747 1470 2820 Domine
1487 2761 1525 2822 et
1543 2753 1680 2823 nomini
1710 2763 1770 2824 tuo

443 2863 621 2937 cantabo·
641 2861 690 2933 Et
716 2863 849 2933 iterum
870 2859 960 2931 dicit
988 2858 1172 2932 Letamini
1196 2869 1325 2954 gentes
1342 2883 1425 2931 cnm
1450 2861 1556 2954 plebe
1582 2865 1660 2934 eius
1688 2904 1696 2922 ·
1724 2861 1774 2935 Et

442 2980 575 3060 iterum
613 2974 780 3048 Laudato
813 2994 939 3044 omnes
974 2981 1102 3066 gentes
1136 2970 1335 3042 Dominum
1364 2981 1403 3044 et
1432 2973 1662 3068 magnificate
1691 2998 1775 3048 eum

443 3111 567 3160 omnes
591 3087 739 3182 populi·
760 3084 810 3156 Et
834 3081 972 3156 rursum
990 3079 1100 3156 Isaiae
1126 3085 1177 3156 ait
1202 3081 1284 3154 Erit
1308 3084 1409 3156 radix
1427 3080 1519 3157 Ielle
1536 3095 1574 3158 et
1591 3089 1652 3180 qui
1671 3111 1776 3160 exur-

442 3210 505 3295 get
533 3223 659 3296 regere
684 3207 812 3293 gentes
840 3198 877 3267 in
905 3217 989 3268 eum
1016 3203 1144 3290 gentes
1168 3192 1361 3288 sperabunt
1386 3233 1395 3250 ·
1422 3196 1522 3270 Dens
1550 3209 1677 3274 autem
1703 3199 1775 3295 spei

443 3311 580 3405 repleat
596 3333 660 3382 vos
678 3311 775 3381 omni
798 3308 930 3404 gaudio
946 3317 986 3378 et
1002 3329 1090 3400 pace
1115 3309 1153 3380 in
1178 3308 1359 3380 credendo
1378 3317 1417 3380 vt
1434 3309 1627 3384 abundetis
1650 3314 1688 3383 in
1713 3309 1771 3406 spe

447 3433 486 3494 et
502 3425 637 3496 virtute
651 3422 809 3518 Spiritus
827 3419 979 3493 Sancti·

713 3754 838 3830 Fama
856 3777 1007 3835 essars
1024 3793 1033 3812 ·
1050 3751 1249 3830 chunrun
1269 3778 1474 3831 rnoruara
1493 3797 1502 3816 ·

497 3983 578 4058 Heo
596 3985 683 4056 dicit
704 3983 869 4055 dominus
887 3979 988 4054 Deus
1016 3983 1242 4054 exercituum
1259 3981 1438 4056 Reuersus
1465 3981 1540 4056 sum
1557 3985 1602 4056 ad
1621 3985 1720 4081 Syon
1738 3999 1776 4059 et

448 4097 616 4171 habitabo
645 4098 683 4168 in
712 4095 832 4168 medio
858 4091 1085 4166 Hierusalem
1112 4105 1151 4166 ct
1178 4095 1365 4168 vocabitur
1392 4093 1620 4170 Hierusalem
1647 4099 1775 4172 ciuitas

447 4211 607 4283 veritatis
621 4219 659 4280 et
676 4231 781 4279 mons
795 4208 931 4278 domini
943 4207 1169 4280 exercituum
1187 4229 1290 4279 mons
1308 4205 1570 4282 sandtilicatus·
1589 4209 1671 4283 Hec
1688 4212 1775 4284 dicit

447 4324 613 4394 dominus
643 4321 731 4392 dens
762 4321 987 4392 exercituum
1015 4317 1147 4391 Adbuc
1172 4319 1388 4391 habitabunt
1414 4319 1516 4392 senes
1546 4331 1584 4392 et
1618 4345 1708 4395 anus
1739 4325 1778 4398 in

446 4434 575 4529 plateis
593 4429 819 4504 Hierusalem
836 4441 875 4503 et
891 4433 957 4503 viri
975 4430 1125 4503 baculus
1150 4432 1188 4504 in
1213 4454 1323 4504 manu
1348 4433 1426 4504 eius
1452 4455 1517 4528 pre
1543 4433 1776 4508 multitudine

447 4547 619 4618 dierum·
649 4543 699 4615 Et
725 4543 847 4636 platee
870 4544 1030 4616 ciuitatis
1055 4543 1333 4638 complebuntur
1358 4544 1556 4616 infantibus
1584 4555 1625 4618 et
1648 4547 1776 4641 puellis
