4050 5534
445 637 517 702 aar
971 625 1277 700 nnorsraun
1630 628 1780 724 [secun

444 831 597 924 quadam
614 825 753 900 summa
778 830 932 922 pecunie
949 851 1056 921 quam
1074 827 1252 920 predidus
1270 827 1466 900 Villelmus
1482 851 1547 923 pro
1566 851 1649 900 vero
1665 829 1781 901 valore

444 941 621 1014 ditiorum
649 943 759 1013 trium
787 941 984 1012 oroftorum
1009 949 1049 1012 et
1075 939 1226 1010 duorum
1254 941 1464 1013 annualium
1490 943 1695 1014 reddituum
1724 943 1781 1015 die

443 1055 677 1126 eonfettionis
694 1051 868 1147 presentis
881 1063 979 1124 carte
996 1054 1034 1122 in
1048 1051 1166 1122 nostra
1178 1053 1280 1146 graui
1297 1049 1504 1125 neoelfitate
1518 1066 1556 1124 et
1572 1065 1781 1147 paupertate

443 1167 593 1260 probata
610 1167 655 1238 ad
673 1161 971 1236 sustentationem
984 1167 1059 1234 vite
1076 1159 1194 1234 nostre
1207 1175 1245 1236 et
1262 1165 1456 1236 liberorum
1474 1163 1673 1236 nostrorum
1686 1169 1781 1238 etad

396 1275 399 1282 ’
445 1278 567 1350 debita
592 1274 711 1348 nostra
735 1277 977 1370 adquietanda
992 1277 1031 1346 in
1048 1277 1176 1367 quibus
1194 1301 1278 1371 erga
1294 1277 1414 1371 plures
1431 1277 1619 1349 extitimus
1645 1281 1782 1350 onerati

445 1391 538 1461 bene
550 1399 589 1460 et
602 1389 757 1460 fideliter
769 1391 807 1459 in
820 1384 912 1460 froca
928 1390 1081 1481 pecunia
1098 1401 1286 1461 numerata
1303 1391 1405 1461 nobis
1422 1385 1593 1484 persolnit
1607 1391 1701 1462 vnde
1718 1413 1782 1462 nos

444 1525 508 1594 pro
533 1503 637 1572 nobis
660 1513 698 1572 et
723 1501 914 1572 heredibus
939 1497 1067 1570 nostris
1085 1509 1123 1570 et
1140 1497 1267 1572 nostris
1292 1497 1475 1596 allignetis
1499 1503 1592 1574 hene
1616 1513 1781 1574 tenemus

444 1623 634 1686 contentos
651 1623 689 1684 et
706 1623 852 1707 pacatos
863 1650 872 1670 ·
885 1611 1057 1684 Tenenda
1069 1623 1107 1684 et
1124 1613 1289 1685 habenda
1305 1614 1463 1706 predidto
1475 1612 1665 1686 Willelmo
1682 1613 1782 1688 here-

445 1727 548 1798 dibus
565 1725 636 1797 suis
653 1738 690 1797 et
706 1722 777 1796 suis
794 1719 974 1820 affignatis
995 1747 1084 1818 pure
1101 1736 1139 1796 et
1156 1725 1421 1818 imperpetuum
1439 1749 1461 1796 a
1476 1726 1581 1797 nobis
1597 1737 1636 1798 et
1653 1723 1781 1800 nostris

441 1838 633 1910 heredibus
651 1847 689 1909 et
706 1833 886 1930 affignatis
912 1836 1024 1907 libere
1042 1837 1164 1929 quiete
1189 1835 1348 1930 plenarie
1366 1837 1558 1910 honorifice
1577 1837 1670 1910 bene
1687 1849 1727 1910 et
1744 1841 1780 1910 in

441 1973 531 2042 paee
553 1946 629 2022 fine
654 1949 776 2042 aliqua
799 1947 1055 2020 reclamatione
1078 1946 1139 2020 seu
1164 1951 1394 2020 reuocatione
1419 1945 1578 2021 nostrum
1598 1950 1656 2022 vel
1680 1949 1782 2024 here·

379 2108 384 2119 ·
444 2062 531 2133 dum
559 2061 759 2132 nostrorum
781 2059 843 2131 seu
868 2059 1021 2131 aliorum
1038 2082 1333 2154 quorumcunque
1358 2064 1503 2134 nomine
1523 2059 1644 2134 nostro
1660 2063 1781 2136 velex

444 2185 547 2266 parte
558 2168 679 2245 nostra
689 2175 726 2244 in
740 2174 922 2244 futurum·
936 2171 1016 2242 Nos
1030 2194 1114 2242 vero
1127 2173 1274 2265 prodiet
1288 2171 1313 2243 J
1315 2173 1473 2244 ohannes
1483 2184 1521 2246 et
1535 2173 1665 2248 Emma
1682 2176 1782 2248 here-

444 2284 508 2356 des
523 2283 635 2356 nostri
653 2295 691 2356 et
708 2280 819 2355 nostri
841 2279 1004 2378 affignati
1031 2295 1110 2355 tota
1134 2284 1294 2377 prediola
1310 2287 1380 2356 tria
1396 2286 1510 2358 crofta
1534 2309 1617 2357 oum
1643 2289 1781 2361 duobus

444 2400 573 2470 annuis
597 2396 796 2470 redditibus
813 2407 854 2467 vt
875 2391 1111 2490 prescriptum
1137 2393 1189 2466 est
1214 2396 1372 2488 prediuo
1390 2395 1566 2470 Villelmo
1591 2399 1781 2472 heredibus

443 2508 514 2581 suis
531 2521 570 2580 et
587 2506 658 2580 suis
674 2503 856 2601 affignatis
872 2531 937 2601 pro
954 2509 1113 2601 predida
1136 2509 1290 2600 pecunia
1307 2517 1346 2579 vt
1363 2511 1586 2602 premittitur
1610 2509 1728 2586 lbluta
1744 2525 1781 2585 et

444 2624 480 2692 in
505 2619 662 2692 nostram
680 2619 875 2691 utilitatem
900 2615 1072 2690 conuersa
1097 2628 1222 2690 eontra
1246 2643 1372 2691 omnes
1397 2621 1560 2693 homines
1577 2633 1615 2694 et
1632 2625 1781 2698 feminus

445 2733 743 2807 varentiaabimus
773 2731 1058 2823 acquietabimus
1084 2742 1122 2803 et
1147 2733 1412 2824 imperpetuum
1441 2734 1709 2808 defendemus·
1736 2735 1780 2808 In

444 2847 546 2918 cuius
570 2846 622 2916 rei
650 2841 895 2915 testimonium
926 2841 1082 2936 presenti
1110 2855 1207 2915 carte
1236 2839 1350 2939 figilla
1379 2841 1498 2917 nostru
1522 2845 1605 2917 sunt
1627 2847 1780 2942 appensa

443 2981 584 3030 necnon
601 2967 640 3027 et
657 2951 812 3050 sigillum
830 2953 951 3026 Dauid
969 2953 1123 3026 Browne
1140 2957 1287 3047 predidti
1309 2967 1347 3027 et
1364 2957 1409 3027 ad
1427 2959 1597 3030 maiorem
1614 2956 1779 3032 securita-

444 3083 519 3142 tem
546 3065 700 3164 ligillum
725 3089 916 3138 commuue
942 3067 1045 3162 burgi
1068 3067 1113 3138 de
1129 3066 1301 3138 Aberden
1327 3070 1458 3162 apponi
1485 3073 1777 3162 procurauimus·
1911 3131 1916 3142 .

444 3183 583 3254 Datum
600 3181 695 3273 apud
712 3179 885 3251 Aberden
910 3180 1025 3271 primo
1043 3178 1101 3249 die
1126 3173 1255 3250 mensis
1271 3176 1360 3271 Julij
1379 3203 1473 3252 anno
1491 3179 1639 3252 Domini
1665 3183 1779 3254 mille-

445 3291 533 3366 fimo
544 3287 788 3365 tricentesrmo
801 3287 1018 3384 sexagesimo
1033 3292 1141 3362 tertio
1152 3329 1161 3348 ·
1174 3289 1256 3362 Hiis
1270 3287 1421 3362 testibus
1432 3290 1629 3364 Maloolmo
1641 3292 1777 3387 Wyth·

447 3405 614 3477 Waltero
631 3404 677 3475 de
699 3401 824 3475 Ettale
840 3439 849 3458 ·
868 3401 1057 3474 Willelmo
1084 3405 1129 3475 de
1155 3403 1265 3497 Perys
1282 3441 1290 3458 ·
1309 3401 1499 3475 Willelmo
1524 3404 1569 3476 de
1595 3403 1776 3478 Gorh’ne·

445 3517 614 3588 Dutbaco
632 3517 677 3588 de
694 3515 859 3609 Carnegy
876 3552 884 3570 ·
903 3513 1064 3588 Roberto
1081 3515 1217 3588 Bullok
1233 3553 1242 3574 ·
1260 3527 1298 3588 et
1314 3515 1439 3586 multis
1455 3515 1559 3588 aliis·

445 3841 650 3914 conuentio
667 3842 763 3912 inter
778 3838 814 3910 J.
832 3839 879 3910 de
897 3839 1085 3934 Edyu‘ham
1103 3851 1142 3913 et
1158 3840 1198 3912 Τ.
1217 3839 1381 3912 Lowell·

448 4045 492 4142 P
493 4063 612 4138 resens
629 4067 823 4138 indentura
839 4065 1038 4158 neaapud
1057 4064 1230 4136 Aberden
1249 4067 1388 4138 decimo
1406 4067 1463 4138 die
1480 4065 1610 4140 menfis
1628 4067 1780 4141 Decem-

444 4183 518 4254 bris
528 4179 778 4251 annoDomini
791 4175 980 4250 millesimo
991 4175 1234 4250 trioentesrmo
1246 4173 1459 4272 sexagelimo
1472 4181 1599 4253 ottauo
1612 4183 1708 4253 inter
1716 4180 1780 4252 Jo-

445 4295 602 4365 hannem
633 4292 679 4362 de
706 4290 917 4384 Edynhame
947 4289 1062 4361 filium
1092 4301 1130 4362 et
1160 4291 1326 4362 heredem
1352 4293 1532 4384 quondam
1559 4291 1710 4365 Roberti
1735 4294 1780 4364 de

445 4405 657 4497 Edynhame
687 4402 899 4496 burgensem
929 4403 975 4474 de
1008 4401 1180 4474 Aberden
1206 4425 1252 4474 ex
1286 4414 1388 4494 parte
1422 4425 1492 4476 vna
1525 4417 1563 4476 et
1605 4403 1778 4477 Thomam

447 4515 570 4588 Lowel
587 4514 701 4586 filium
720 4513 871 4587 Roberti
893 4525 931 4586 et
953 4512 1197 4615 Margaretam
1224 4511 1383 4608 sponsam
1402 4512 1500 4587 suam
1517 4513 1670 4589 sororem
1697 4519 1780 4590 diei
