4050 5534
243 667 346 762 nnn]
712 668 1118 742 ABERDONENSE.
1542 677 1587 742 35

242 864 490 938 Lateraueulis
515 865 658 960 concilij
684 869 900 940 austoritate
925 871 1111 961 priuatum
1140 867 1255 940 libere
1280 867 1342 962 alij
1368 869 1587 939 conserenda

241 979 297 1069 qui
315 979 411 1072 quod
429 978 568 1052 discum
586 976 639 1050 est
656 980 746 1051 velit
764 990 802 1050 et
820 979 940 1050 valeat
957 979 1157 1073 adimplere
1175 1019 1183 1035 ·

384 1199 549 1272 LXXX.
576 1201 684 1286 Quod
701 1202 785 1274 laici
802 1225 876 1272 non
893 1210 1046 1274 teneant
1062 1202 1199 1295 placita
1214 1203 1254 1273 in
1271 1199 1421 1275 ecclesia
1439 1242 1447 1259 ·

241 1421 314 1494 Sub
348 1425 644 1496 interminatione
682 1424 924 1496 anathematis
957 1425 1111 1496 firmiter
1148 1425 1379 1518 prohibemus
1415 1448 1463 1497 ne
1501 1425 1583 1497 laici

240 1543 389 1606 teneant
413 1535 549 1629 placita
563 1534 627 1607 sua
643 1533 816 1608 secularia
839 1537 878 1608 in
904 1532 1064 1627 ecclelijs
1081 1535 1140 1606 vel
1166 1538 1355 1631 cimiterijs
1372 1547 1411 1608 et
1427 1561 1476 1609 ne
1500 1538 1582 1609 laici

239 1642 336 1718 secus
353 1646 467 1719 altare
480 1648 623 1740 quando
636 1645 735 1720 sacra
750 1643 910 1718 misteria
927 1647 1159 1719 celebrantur
1171 1645 1265 1720 stare
1278 1649 1336 1720 vel
1349 1645 1474 1720 sedere
1486 1651 1583 1720 inter

239 1758 386 1831 clericos
402 1757 609 1853 presumant
627 1800 635 1816 ·
654 1765 810 1853 excepto
827 1759 973 1829 domino
992 1759 1096 1854 Rege
1113 1768 1151 1831 et
1170 1760 1365 1832 maioribus
1385 1763 1488 1856 regni
1504 1765 1583 1853 qui-

240 1869 303 1941 bus
319 1880 467 1964 propter
482 1869 582 1942 suam
600 1870 857 1942 excellentiam
875 1873 914 1941 in
932 1871 998 1942 hac
1016 1880 1120 1965 parte
1137 1872 1307 1943 duximus
1325 1873 1579 1945 deferendum·

240 2091 423 2164 LXXXI.
449 2092 557 2177 Quod
583 2093 715 2164 focarie
741 2102 780 2164 et
805 2094 1006 2164 concubine
1032 2092 1259 2165 sacerdotum
1285 2095 1342 2166 vel
1369 2096 1581 2169 clericorum

239 2205 533 2278 beneficiatorum
550 2228 623 2276 non
641 2205 883 2277 admittantur
898 2206 937 2275 in
954 2202 1141 2278 ecclesiam
1160 2245 1168 2262 ·

239 2426 332 2499 Item
358 2427 590 2520 prohibemus
610 2424 675 2498 sub
692 2429 989 2500 interminatione
1013 2429 1257 2499 anathematis
1274 2452 1321 2501 ne
1338 2430 1472 2500 focarie
1497 2454 1581 2501 cou-

239 2539 365 2610 cubine
390 2536 615 2610 sacerdotum
632 2538 692 2609 vel
717 2538 931 2610 clericorum
956 2539 1254 2611 beneficiatorum
1271 2541 1331 2612 vel
1355 2542 1449 2613 infra
1464 2540 1580 2614 sacros

238 2651 377 2722 ordines
403 2647 600 2744 positorum
624 2650 867 2721 admittantur
888 2651 927 2720 in
944 2647 1102 2744 ecclefija
1126 2651 1173 2722 ad
1198 2675 1328 2743 aquam
1354 2654 1579 2724 benedittam

238 2762 294 2833 vel
322 2763 421 2856 pacis
451 2761 613 2833 osculum
640 2760 700 2831 vel
730 2762 777 2832 ad
806 2761 964 2853 aliquam
998 2761 1290 2833 communionem
1320 2764 1481 2835 fidelium
1511 2789 1579 2837 nec

237 2873 354 2966 alique
378 2875 568 2945 fornicarie
591 2873 636 2945 ab
654 2871 835 2964 aliquibus
851 2873 889 2943 in
908 2873 1074 2945 domibus
1091 2872 1151 2943 vel
1176 2875 1214 2944 in
1241 2875 1346 2945 terris
1370 2873 1524 2947 scienter
1540 2888 1579 2948 et

236 2986 432 3078 prudenter
448 2993 683 3080 receptentur
699 3021 707 3039 ·

298 3205 506 3279 LXXXII.
533 3203 641 3291 Quod
658 3207 887 3278 matrimonia
904 3201 980 3277 fine
996 3205 1126 3277 bannia
1142 3228 1216 3278 non
1234 3208 1493 3280 contrahantur
1511 3253 1518 3267 ·

236 3429 331 3502 Item
357 3430 588 3524 prohibemus
605 3430 733 3522 nequi
757 3429 1028 3500 matrimonium
1055 3429 1270 3501 contrahant
1294 3425 1371 3502 fine
1395 3441 1501 3505 terna
1517 3435 1578 3505 de-

236 3544 468 3614 nunciatione
492 3538 728 3635 solempniter
752 3540 847 3611 faita
871 3541 910 3609 in
935 3534 1087 3611 eeclesia
1106 3540 1167 3611 vbi
1193 3541 1331 3636 degunt
1348 3539 1375 3612 fi
1395 3545 1433 3614 in
1451 3547 1577 3616 eadem

234 3655 404 3746 parochia
427 3662 578 3724 manent
595 3649 622 3722 fi
639 3654 678 3723 in
695 3645 843 3722 diuersis
867 3651 907 3723 iu
926 3651 1360 3742 utraque'denuncientur
1379 3653 1578 3747 sponsalia·

235 3775 275 3837 et
299 3789 347 3837 ne
372 3764 633 3844 contrabantur
657 3759 734 3834 sine
759 3761 928 3834 fidelibus
954 3759 1106 3833 testibus
1131 3771 1171 3834 et
1195 3763 1415 3857 legittimis·
1440 3765 1578 3860 §tltem

234 3877 467 3970 prohibemus
483 3897 530 3946 ne
547 3883 683 3946 matres
708 3884 773 3945 aut
798 3875 960 3945 nutrices
985 3882 1131 3946 teneros
1155 3875 1313 3946 infantes
1337 3878 1375 3946 in
1401 3877 1580 3950 cubilibus

233 3985 355 4060 seeum
394 3986 573 4059 collocare
610 3981 820 4080 presumant
857 3995 1006 4079 propter
1039 3985 1282 4078 frequentiam
1315 3991 1580 4082 emergentium

233 4100 475 4192 periculorum
492 4137 501 4152 ·

514 4318 745 4392 LXXXIII.
771 4318 830 4390 De
847 4319 994 4412 potibus
1011 4319 1139 4391 dandis
1156 4322 1290 4415 egrotis
1307 4356 1315 4375 ·

234 4543 331 4620 Item
356 4543 590 4638 prohibemus
606 4565 654 4616 ne
671 4541 801 4636 aliquis
824 4542 1005 4615 medicine
1029 4544 1175 4638 ignarus
1191 4541 1258 4616 sub
1274 4545 1384 4640 pallio
1401 4549 1581 4623 medicine
