4050 5534
296 687 398 783 xun]
734 709 740 724 ·
763 685 1164 764 ABERDONENSE.
1584 703 1629 768 13

294 888 481 962 interdieta
504 912 569 984 pro
589 887 660 960 suis
685 890 887 984 confratriJ'a
911 885 972 960 seu
998 885 1198 961 elemosinis
1222 889 1433 985 colligendis
1454 890 1562 964 semel
1587 895 1626 966 in

292 1021 384 1072 anno
409 999 489 1073 loca
512 998 579 1073 ista
605 1001 761 1074 debeant
785 1003 914 1095 aperiri
940 1003 1036 1093 quod
1052 1003 1097 1073 ad
1115 1003 1319 1074 diuinorum
1344 1003 1625 1078 celebrationem

290 1115 328 1187 in
352 1114 443 1186 locis
468 1111 668 1185 huiusmodi
693 1113 907 1186 nominatim
933 1115 1235 1188 excommunicati
1261 1116 1469 1189 nullatenus
1496 1117 1626 1190 admit·

290 1234 415 1296 tantur
430 1235 469 1296 et
485 1222 549 1318 ipsi
575 1226 744 1320 precipue
762 1227 823 1318 qui
840 1223 980 1297 causam
999 1227 1045 1297 de
1061 1223 1286 1298 testamentis
1312 1228 1490 1301 dederunt
1513 1231 1626 1300 inter·

288 1339 385 1408 dieo
403 1375 411 1392 ·
430 1336 665 1408 Prohibemus
684 1339 792 1408 etiam
810 1338 904 1429 quod
924 1335 1126 1409 huiusmodi
1144 1342 1303 1432 exempti
1321 1341 1447 1412 funera
1463 1341 1625 1412 nomina·
1687 1343 1691 1350 ’

286 1451 355 1520 tim
374 1451 766 1521 excommunicatorum
784 1458 848 1520 aut
864 1449 1090 1543 publicorum
1106 1460 1335 1543 peccatorum
1353 1463 1391 1522 et
1409 1452 1623 1524 violatorum

287 1557 520 1632 eeclesiarum
544 1571 582 1632 et
609 1561 760 1632 aliorum
786 1561 915 1653 quibus
940 1563 1034 1631 riuis
1062 1585 1137 1633 nou
1166 1564 1446 1636 communicarit
1475 1559 1623 1637 ecclelia

285 1669 522 1746 ecclesrastice
549 1671 729 1766 sepulture
753 1675 895 1745 tradere
920 1695 992 1743 non
1017 1671 1253 1767 presumant·
1276 1670 1303 1744 sr
1329 1698 1414 1746 vero
1439 1677 1476 1746 in
1502 1675 1622 1768 aliquo
1673 1742 1677 1750 .

283 1796 413 1857 eontra
428 1781 591 1880 premissa
607 1787 728 1857 venire
745 1782 1021 1879 presumpserint
1042 1784 1310 1881 priuilegiorum
1328 1785 1529 1858 huiusmodi
1545 1788 1621 1859 fore

284 1900 513 1970 decreuimus
542 1895 708 1969 abusores
731 1940 740 1957 ·
762 1895 854 1990 ipsos
880 1919 1022 1990 quoqne
1047 1899 1091 1968 ad
1118 1895 1283 1970 ecclesiae
1309 1899 1389 1972 illae
1414 1900 1621 1972 nullatenus

280 2010 530 2082 admittendos
547 2011 660 2081 donee
680 2008 950 2081 satillastionem
975 2010 1151 2104 ydoneam
1177 2006 1397 2103 prestiterint
1419 2012 1464 2082 de
1489 2010 1621 2084 offensa

281 2133 321 2193 et
340 2122 438 2215 quod
455 2145 477 2193 a
492 2121 572 2192 loeo
589 2119 685 2192 sacro
703 2122 939 2192 extrahantur
955 2144 1103 2214 corpora
1119 2118 1167 2193 fic
1184 2119 1324 2215 sepulta
1342 2165 1349 2180 ·

476 2343 606 2417 XXV.
633 2344 690 2418 De
707 2343 933 2418 testamentis
950 2355 989 2417 et
1006 2343 1142 2417 vltimie
1159 2345 1408 2418 voluntatibus
1426 2390 1434 2405 ·

284 2569 489 2643 Statuimus
500 2581 539 2642 vt
552 2593 635 2642 enm
648 2570 693 2641 de
706 2569 809 2640 bonie
823 2571 860 2638 in
874 2563 1091 2640 testamento
1108 2569 1258 2642 alicuius
1275 2572 1475 2662 cuicunque
1487 2570 1619 2643 relieis

287 2683 471 2776 ordinarije
488 2681 647 2754 locorum
665 2689 763 2753 certa
778 2681 888 2752 fuerit
905 2682 996 2752 ratio
1014 2681 1198 2754 facienda·
1212 2683 1295 2774 quia
1311 2677 1560 2755 cistercienses
1576 2707 1619 2757 ac

290 2793 344 2888 aiij
367 2796 529 2889 exempti
552 2795 597 2866 ad
623 2791 823 2864 huiusmodi
848 2795 1025 2864 rationem
1049 2794 1268 2865 reddendam
1293 2793 1499 2868 nullatenus
1522 2817 1619 2868 com·

294 2907 370 2994 pelli
393 2905 537 3004 possunt
554 2915 592 2977 vt
610 2908 736 2978 dicunt
754 2905 850 2998 quod
875 2901 1029 3000 religiosr
1054 2903 1256 2976 huiusmodi
1281 2915 1492 2978 executores
1517 2909 1618 2980 nullo

298 3023 389 3094 nodo
406 3016 670 3094 constituantur
694 3042 762 3090 nee
785 3023 824 3088 in
848 3016 968 3110 aliquo
984 3017 1080 3088 bona
1095 3017 1344 3089 defunetorum
1369 3015 1617 3093 administrent

16 3118 110 3673 f
296 3136 378 3218 quod
396 3131 423 3204 fi
440 3133 574 3206 fuerint
590 3127 776 3202 constituti
793 3151 858 3224 pro
874 3152 947 3201 non
965 3125 1169 3200 constitutis
1186 3132 1330 3223 penitus
1347 3130 1547 3203 habeantur
1564 3177 1572 3192 ·

580 3351 729 3427 XXVI.
756 3352 813 3426 De
830 3355 1060 3425 immunitate
1076 3348 1305 3425 eeclesrarum
1322 3393 1330 3408 ·

243 3569 488 3654 statuimus
510 3581 605 3673 quod
630 3579 811 3674 fugientes
825 3578 870 3650 ad
887 3572 1071 3648 eeclesiam
1090 3576 1329 3647 defendantur
1344 3577 1390 3649 ab
1407 3577 1533 3649 eadem
1550 3575 1615 3651 nili

228 3678 419 3767 brer-int
445 3693 574 3787 notorij
598 3689 872 3785 depopulatores
897 3711 1063 3783 agrorum
1086 3697 1150 3760 aut
1174 3689 1309 3781 publici
1326 3699 1365 3760 et
1382 3691 1511 3783 notorij
1538 3713 1617 3784 pre-

219 3783 396 3878 dones
411 3809 550 3878 riarum
574 3802 798 3898 publicarum
823 3809 887 3872 aut
912 3795 1090 3873 manifesti
1112 3799 1302 3874 violatores
1326 3808 1390 3872 ant
1415 3800 1616 3874 effractores

213 3908 514 3990 ‘’Celesiafflm
537 3913 599 3987 seu
622 3938 645 3986 a
669 3935 805 3986 canone
831 3912 889 3983 vel
918 3913 964 3984 ab
990 3913 1137 3982 homine
1162 3914 1464 3984 excommunicati
1488 3914 1616 4004 quibus

212 4013 422 4102 cafibug
439 4029 555 4103 adhuc
572 4025 656 4098 sunt
672 4027 798 4097 tuendi
818 4025 932 4096 donec
948 4019 1165 4118 dyocesenua
1182 4023 1240 4096 vel
1257 4023 1335 4095 eine
1352 4023 1512 4097 officialia
1536 4049 1617 4120 pro-

213 4139 512 4216 ”monuerit
527 4137 794 4213 sentencialiter
810 4159 871 4208 eos
888 4136 933 4208 ab
951 4131 1101 4208 ecclelia
1116 4158 1189 4207 non
1208 4130 1276 4208 else
1292 4135 1536 4209 defendendos
1553 4180 1561 4196 ·

688 4358 860 4434 XXVII.
887 4357 982 4432 Item
1000 4361 1045 4432 de
1062 4360 1215 4432 eodem·

259 4569 500 4684 lxfficientea
521 4587 617 4684 qnod
646 4583 767 4658 nullus
792 4583 944 4658 vicarius
969 4580 1032 4657 seu
1056 4578 1240 4679 presbyter
1264 4579 1326 4656 seu
1352 4583 1504 4659 clericne
1528 4585 1619 4660 aliua
