4050 5534
247 654 349 751 xva]
717 658 1122 789 ABSRDONENSE.
1519 672 1594 744 alt

246 854 391 931 Valteri
432 856 637 933 Howesoun
672 860 706 956 vj
742 863 781 937 ,1.
824 860 885 957 viij
927 859 964 933 d.
999 866 1061 955 qui
1097 864 1266 938 obierunt
1305 885 1402 937 anno
1437 861 1588 938 Domini

246 990 492 1043 mcccaxxx,

246 1080 385 1153 Eodem
401 1083 460 1156 die
477 1086 667 1181 trigintale
683 1110 748 1181 pro
766 1084 1128 1183 animabus'Angnfij
1145 1087 1292 1182 Glonny
1314 1085 1449 1181 sueque
1467 1091 1588 1164 uxoria

244 1218 268 1265 x
295 1195 324 1267 ἔ.
344 1195 389 1267 de
406 1204 504 1271 terra
517 1197 604 1269 olim
636 1200 772 1272 domini
796 1197 974 1273 Johannio
1006 1197 1200 1295 Malysoun
1231 1199 1409 1295 capellani
1435 1199 1587 1295 preditti

245 1306 342 1377 ohori
360 1330 459 1381 nuno
478 1307 660 1381 Willelmi
678 1309 896 1384 Andorsoun
914 1312 953 1383 in
976 1313 1057 1384 vioo
1083 1313 1265 1387 furcarum
1284 1308 1527 1385 Abirdonenfi
1540 1336 1588 1388 ex

244 1432 345 1510 parte
362 1420 533 1494 orientali
547 1419 706 1495 eiusdem
725 1425 868 1496 iacente
885 1462 894 1481 ·
914 1422 977 1515 qui
994 1420 1087 1518 obijt
1104 1447 1200 1496 anno
1214 1424 1365 1495 Domini
1381 1444 1585 1506 mccccax.

292 1643 446 1718 Decimo
460 1648 570 1719 tortio
581 1642 738 1743 Augusti
751 1645 1034 1721 anniuersarium
1047 1670 1112 1741 pro
1124 1646 1313 1720 animabus
1321 1646 1347 1719 J
1348 1647 1450 1720 aoobi
1467 1635 1602 1741 quinti

243 1760 335 1851 ragis
361 1756 554 1831 Scotorum
579 1769 618 1831 et
643 1754 805 1855 magistri
824 1758 976 1831 Roberti
994 1757 1224 1853 Hamyltoun
1249 1760 1397 1831 notioris
1418 1759 1464 1831 de
1481 1758 1586 1855 Kyn-

243 1870 363 1941 oardin
393 1872 498 1966 xxiiij
529 1874 559 1945 ἔ.
594 1893 677 1943 oum
709 1872 839 1944 ueteris
865 1866 1060 1943 elimosinis
1084 1871 1303 1965 pauperibus
1331 1865 1586 1945 distribuendis

243 1997 349 2070 prout
367 1984 405 2055 in
423 1983 637 2056 fundatione
654 1981 806 2079 desuper
819 1984 982 2057 oonfetta
999 1982 1142 2076 plenior
1158 1982 1368 2055 continetur
1385 2022 1393 2039 ·
1412 1984 1475 2075 qui
1492 1982 1584 2080 obijt

244 2116 340 2165 anno
357 2093 508 2168 Domini
527 2137 535 2154 ·
565 2096 581 2193 [
752 2094 770 2191 ]

291 2315 477 2414 Vigelimo
509 2319 613 2393 sexto
647 2316 805 2416 Augusti
841 2320 1125 2395 anniuersarium
1167 2344 1232 2414 pro
1265 2322 1387 2393 animo
1420 2317 1581 2417 magistri

241 2428 392 2504 Henrioi
419 2430 547 2527 Heruy
572 2433 659 2506 olim
685 2434 842 2506 cantorio
867 2430 1130 2506 Abirdonenfio
1152 2430 1215 2527 xiij
1234 2433 1263 2505 ἔ.
1282 2430 1334 2528 iiij
1362 2429 1400 2505 d.
1424 2433 1471 2507 de
1496 2432 1584 2507 villa

240 2541 285 2614 de
310 2542 406 2637 lytill
433 2543 687 2640 Mondournay
712 2543 891 2618 soluendis
911 2570 977 2640 per
1000 2556 1273 2640 procuratorem
1289 2545 1420 2641 regalia
1437 2545 1579 2643 oollegij

241 2651 502 2737 Abirdonenfia
519 2696 528 2713 ·
546 2659 608 2751 qui
624 2656 716 2755 objit
733 2682 829 2730 anno
847 2656 994 2753 Dominj
1014 2678 1256 2731 mccccmvn.

291 2766 430 2841 Eodem
457 2769 517 2842 die
537 2769 821 2844 anniuersarium
842 2768 1046 2843 Alexandri
1065 2766 1225 2843 Soillorie
1242 2780 1282 2843 et
1298 2767 1360 2843 sue
1378 2773 1498 2843 vxoris
1514 2773 1578 2866 xiij

240 2880 268 2951 ἔ.
294 2877 344 2974 iiij
364 2876 399 2950 d.
417 2880 463 2953 de
489 2882 586 2955 ditia
612 2882 709 2957 willa
734 2883 780 2956 da
805 2882 901 2977 lytill
931 2881 1189 2978 Mondournay
1210 2881 1274 2957 seu
1298 2882 1345 2955 do
1370 2883 1580 2959 molendino

241 2988 396 3065 eiusdem
414 3016 479 3087 per
495 2995 631 3071 dittum
648 3004 918 3089 procuratorem
937 3018 1167 3071 communem
1185 2993 1393 3069 soluendis·

437 3325 739 3399 Anuruuaanam
756 3345 894 3398 merare
911 3322 1156 3397 Snrnnmaara
1172 3343 1353 3397 runnnra
1371 3366 1378 3381 ·

289 3550 399 3624 Nono
430 3550 654 3645 Septembris
678 3547 961 3623 anniuersarium
990 3572 1056 3642 pro
1090 3551 1211 3625 anima
1236 3544 1460 3622 illustriffimi
1486 3554 1581 3648 regia

239 3660 366 3736 Jaoobi
383 3664 501 3757 quarti
519 3661 712 3735 Scotorum
732 3662 826 3757 regia
843 3684 908 3755 per
925 3669 1195 3755 procuratorem
1220 3683 1452 3737 communem
1475 3686 1581 3737 0000-

240 3778 402 3849 nieorum
418 3766 725 3848 Abirdonenfium
742 3771 876 3845 soluen'
900 3813 908 3831 ·
927 3773 991 3866 qui
1007 3772 1100 3865 obijt
1118 3795 1215 3847 nono
1233 3772 1461 3867 Septembris
1484 3798 1580 3851 anno

241 3886 387 3961 Domini
404 3898 575 3960 mmmm.
592 3888 688 3981 apud
706 3886 898 3958 Floudoun
915 3925 923 3943 ·

287 4113 441 4186 Decimo
458 4112 682 4208 Septembris
698 4108 979 4185 anniuersarium
995 4134 1060 4206 pro
1086 4112 1208 4185 anima
1223 4107 1385 4207 magistri
1400 4110 1426 4183 J
1427 4111 1579 4185 ohannis

237 4224 399 4298 Carroun
435 4226 499 4320 xiij
525 4228 555 4299 a.
588 4226 640 4321 iiij
670 4221 707 4297 d.
737 4225 783 4298 da
813 4234 910 4297 terra
939 4224 1121 4317 quondam
1155 4222 1294 4295 Thome
1328 4220 1449 4296 Rowll
1481 4247 1580 4299 nuno

234 4336 439 4413 Alexandri
463 4336 612 4431 Men3es
637 4344 676 4410 et
701 4334 846 4410 suorum
872 4332 1048 4409 heredum
1070 4337 1213 4409 iacente
1236 4336 1276 4407 in
1293 4336 1374 4438 vioo
1399 4335 1580 4409 furnorum

236 4447 476 4525 Abirdonenli
501 4460 673 4545 exparte
699 4448 865 4525 orientali
891 4445 1051 4521 eiusdem
1079 4449 1168 4541 ·qui
1192 4447 1285 4542 obijt
1308 4470 1403 4521 anno
1429 4446 1579 4526 Domini

236 4582 499 4635 naeuoxovrn.

285 4694 370 4747 von.
389 4695 430 4747 11.
907 4678 967 4743 tn
