4050 5534
298 686 403 781 ιιι]
768 686 1173 762 Aarononnnsn.
1445 662 1449 671 '
1593 699 1634 763 cr

294 888 354 980 qui
370 886 407 960 le
422 890 462 960 in
478 888 654 961 beneficio
672 876 910 961 eccleliastico
932 890 1126 961 intrudunt
1142 898 1181 961 et
1198 886 1309 961 testes
1326 888 1479 963 scienter
1503 895 1635 985 periuri

293 1023 357 1093 per
371 1024 461 1094 quos
477 1002 607 1095 aliquis
623 1003 762 1073 amittit
787 1003 1027 1075 hereditatem
1045 1012 1108 1074 eut
1125 1002 1341 1074 beneficium
1359 1000 1634 1077 eccleliasticum

292 1111 354 1184 seu
379 1126 564 1186 terrenum
588 1124 751 1208 raptores
776 1118 888 1187 etiarn
912 1114 1049 1209 publici
1067 1124 1106 1186 et
1127 1115 1257 1207 notorij
1276 1124 1315 1186 et
1333 1138 1458 1187 omnes
1483 1114 1636 1189 scienter

292 1236 520 1319 temptantes
549 1226 647 1297 fures
675 1226 733 1298 vel
768 1236 929 1320 raptores
958 1236 1000 1296 vt
1030 1226 1196 1298 furentur
1225 1225 1283 1297 vel
1313 1230 1455 1321 rapiant
1485 1229 1543 1300 vel
1573 1254 1633 1300 eos

293 1348 533 1411 manutenent
547 1339 605 1410 vel
621 1362 685 1434 pro
703 1342 755 1411 eia
771 1340 973 1410 fideiubent
989 1361 1072 1409 cum
1086 1362 1132 1411 ex
1146 1340 1240 1411 dicta
1257 1336 1361 1411 causa
1378 1340 1632 1432 querelantur·

291 1450 429 1524 Contra
445 1450 627 1524 latronum
640 1460 679 1523 et
695 1452 896 1545 predonum
908 1451 1049 1546 flagicia
1061 1452 1191 1544 quibus
1208 1454 1315 1523 nimis
1332 1453 1518 1525 habundat
1535 1457 1632 1551 regio

291 1560 485 1636 Scoticana
508 1564 605 1656 quod
634 1586 860 1656 nequequam
885 1558 973 1635 ell'et
999 1574 1039 1634 vt
1068 1566 1272 1657 accepimus
1302 1562 1368 1635 nili
1394 1566 1546 1637 maiores
1571 1590 1631 1638 eos

292 1675 529 1748 defenderent
545 1684 584 1747 et
601 1685 880 1747 manutenerent
897 1685 962 1746 aut
978 1698 1044 1768 pro
1061 1672 1194 1746 eisdem
1211 1672 1365 1747 scienter
1381 1687 1420 1748 et
1436 1678 1633 1770 prudenter

290 1787 550 1860 fideiuberent·
567 1784 614 1861 stc
627 1789 797 1859 duximus
813 1784 1046 1859 statuendum
1064 1796 1104 1857 vt
1121 1810 1228 1859 nemo
1245 1810 1306 1859 eos
1323 1798 1489 1883 proteget
1506 1814 1632 1862 manu-

290 1910 416 1973 teneat
431 1898 495 1973 seu
511 1901 683 1973 defendat
700 1899 759 1972 vel
783 1902 822 1970 in
847 1901 1014 1971 domibus
1039 1908 1164 1971 teneat
1181 1900 1238 1971 vel
1257 1900 1347 1971 vllos
1373 1923 1462 1993 quoa
1485 1898 1631 1974 sciuerit

287 2013 351 2084 -rel
366 2008 597 2085 manifestum
610 2013 720 2084 fuerit
738 2011 966 2084 latrocinium
983 2021 1048 2084 aut
1064 2012 1210 2105 predam
1229 2035 1396 2084 exercere
1411 2053 1420 2072 ·
1434 2036 1494 2084 eos
1507 2026 1631 2086 antem

291 2127 354 2217 qui
379 2126 657 2197 contrafecerint
674 2120 701 2194 fi
719 2127 828 2197 tertio
845 2125 1056 2195 commoniti
1082 2147 1147 2217 per
1171 2119 1448 2195 ecclefiasticum
1475 2126 1629 2198 iudicem

290 2235 385 2331 ipsos
400 2262 423 2309 a
437 2234 475 2309 se
496 2260 570 2308 non
596 2238 792 2309 abiecerint
817 2232 1054 2309 ecclefiastice
1080 2237 1442 2307 excommunicationi
1468 2234 1632 2333 subiuga-

291 2372 372 2423 mua
384 2390 394 2407 ·
407 2351 645 2421 monitionem
663 2358 785 2421 autem
803 2349 970 2420 volumus
987 2357 1026 2419 et
1042 2344 1233 2421 statuimus
1248 2344 1409 2421 sufficere
1425 2352 1630 2445 generalem

292 2473 331 2535 et
347 2458 374 2533 fi
389 2461 454 2535 liat
470 2461 623 2534 alicuius
647 2462 793 2532 nomine
818 2483 892 2531 non
909 2455 1070 2554 exprello
1088 2460 1174 2531 dum
1192 2461 1244 2532 ita
1260 2460 1405 2554 publice
1422 2486 1464 2535 ac
1480 2460 1632 2559 solemp-

289 2576 387 2646 niter
410 2574 476 2646 fiat
492 2574 588 2669 quod
605 2574 651 2645 ad
668 2596 792 2644 eorum
818 2574 987 2645 notitiam
1005 2571 1125 2643 valeat
1150 2574 1338 2665 peruenire
1356 2612 1365 2631 ·
1384 2572 1481 2645 Item
1507 2598 1631 2647 omnes

289 2688 415 2779 quiin
437 2683 542 2759 causa
565 2685 823 2758 matrimoniali
848 2684 953 2757 falsas
980 2686 1213 2777 exceptiones
1239 2683 1419 2758 maliciose
1443 2700 1630 2782 opponunt

290 2799 350 2872 vel
374 2800 506 2893 opponi
529 2808 723 2892 procurant
740 2797 798 2870 vel
816 2799 878 2890 qui
901 2798 940 2867 in
956 2794 1063 2869 cansa
1086 2798 1340 2869 matrimoniali
1365 2796 1492 2869 falsum
1514 2802 1632 2893 perhi-

290 2914 381 2983 bent
393 2908 638 2983 testimoninm
650 2908 806 2983 scienter
818 2910 876 2982 vel
893 2910 931 2981 id
944 2910 1021 2981 lieri
1035 2920 1228 3002 procurant
1241 2909 1300 2980 vel
1313 2907 1423 2981 testes
1436 2908 1630 3015 subornant

289 3024 674 3096 excommunicationis
689 3020 875 3094 sentencie
891 3020 928 3093 se
945 3022 1116 3093 nouerint
1131 3017 1314 3093 subiacere
1331 3060 1343 3097 ·.

801 3245 865 3318 LI.
891 3245 950 3319 De
966 3247 1091 3319 eodem
1111 3286 1120 3305 ·

289 3474 389 3547 Item
406 3474 760 3546 excommunicamus
776 3470 858 3543 illos
872 3472 934 3565 qui
951 3495 1077 3565 pacem
1090 3470 1201 3569 Regis
1218 3481 1282 3544 ant
1298 3472 1398 3567 regni
1416 3474 1629 3566 perturbant

287 3598 330 3659 et
347 3610 473 3659 omnes
487 3586 570 3657 illos
587 3585 648 3678 qui
666 3583 749 3655 odio
767 3584 825 3655 vel
844 3584 933 3656 lucri
950 3584 1056 3657 caulis
1072 3584 1151 3680 alijs
1168 3584 1319 3656 crimina
1334 3582 1421 3657 falsa
1435 3586 1628 3679 imponunt

284 3724 355 3797 pro
371 3700 500 3793 quibus
516 3720 612 3768 mora
628 3695 688 3767 rel
703 3694 855 3767 exilium
872 3695 931 3767 vel
947 3696 1190 3768 membrorum
1207 3697 1388 3768 mutilatio
1406 3697 1464 3769 vel
1481 3699 1630 3771 exhere-

286 3814 389 3886 datio
398 3811 460 3883 seu
469 3813 646 3884 bonorum
656 3805 820 3901 spoliatio
830 3806 929 3900 sequi
939 3804 1335 3880 debestlliudicialiter
1346 3810 1627 3881 conuincantnr·

439 4036 524 4109 LII.
551 4034 610 4108 De
626 4034 941 4107 excommunicato
957 4056 1022 4127 per
1034 4054 1145 4103 vnum
1162 4028 1365 4126 episcopum
1378 4034 1628 4107 denunciando

437 4174 503 4245 per
517 4148 607 4221 alios
624 4156 663 4219 et
680 4148 725 4219 de
742 4146 934 4220 interdi&o
958 4144 1219 4241 promulgando
1235 4146 1272 4215 in
1291 4155 1404 4215 terras
1421 4168 1628 4217 excommn-

437 4263 549 4335 niooti
570 4256 598 4331 li
620 4284 686 4355 per
705 4260 941 4355 quodraginta
962 4260 1038 4329 dies
1061 4260 1098 4329 in
1124 4256 1322 4351 pertinacia
1345 4254 1628 4351 perseuerauerit

438 4384 477 4447 et
493 4375 539 4446 de
554 4396 650 4468 pena
664 4370 884 4466 prelatorum
902 4366 969 4442 ista
984 4392 1058 4441 non
1075 4368 1340 4441 obl'emantium
1359 4408 1367 4427 ·

284 4602 494 4679 Statnimns
531 4600 641 4673 etiam
675 4597 771 4691 quod
804 4597 975 4690 quociens
1007 4594 1137 4689 aliquis
1170 4616 1215 4666 ex
1249 4594 1353 4667 nobis
1385 4595 1556 4691 episcopis
1590 4602 1627 4671 in
