4050 5534
240 649 327 746 xa]
690 648 1094 726 anusoouunsu.
1510 660 1577 730 sor

239 852 434 924 adiutriccs
450 853 496 924 de
512 849 577 923 sno
594 872 695 948 maro
712 860 751 923 et
772 849 969 944 conquestu
987 863 1123 925 certam
1148 857 1383 948 pecuniarum
1403 855 1579 928 summam

239 987 324 1036 cum
341 962 552 1058 quibusdam
564 962 644 1057 alijs
661 964 768 1035 rebus
785 965 890 1035 uubis
907 973 945 1034 et
957 963 1173 1038 monasterio
1191 965 1311 1039 nostro
1328 965 1529 1061 necessarijs
1542 979 1580 1040 et

238 1080 425 1170 oportunis
441 1076 598 1149 contulit
615 1084 653 1148 et
667 1076 817 1148 donauit
834 1076 1022 1168 dequibus
1033 1080 1200 1150 omnibus
1216 1089 1253 1151 et
1272 1076 1419 1176 fingulis
1436 1078 1582 1173 premis-

239 1184 284 1260 srs
299 1190 481 1283 prefatum
492 1185 700 1283 magistrum
713 1189 908 1282 Symonem
924 1187 1039 1261 Dodis
1057 1199 1095 1260 et
1108 1188 1191 1264 suos
1207 1193 1357 1265 heredes
1368 1203 1580 1264 executores

238 1311 278 1372 et
294 1297 487 1397 affiguatoe
504 1323 602 1372 nuno
619 1309 658 1372 et
675 1302 943 1396 imperpetuum
961 1301 1283 1393 quieteclamamus
1299 1328 1364 1399 per
1376 1301 1580 1398 presentes·

239 1411 484 1498 Quamobrem
509 1413 753 1484 benefacienti
770 1411 982 1484 benefacere
999 1413 1222 1507 obligatione
1239 1417 1395 1488 naturali
1413 1427 1581 1488 tenemur

238 1521 374 1598 astricti
386 1547 453 1596 uos
465 1524 578 1619 igitur
589 1526 686 1618 prior
698 1533 737 1596 et
750 1533 954 1595 conuentus
972 1525 1107 1596 ordinis
1121 1525 1399 1600 carmelitarum
1414 1527 1581 1600 deAber-

238 1637 310 1709 den
322 1637 521 1732 obligamus
533 1631 638 1732 [nos]
650 1636 722 1709 fide
733 1637 853 1708 media
862 1646 901 1707 et
912 1633 1123 1708 successores
1134 1635 1273 1710 nostros
1286 1637 1388 1734 [pro]
1401 1663 1471 1711 vna
1481 1635 1581 1712 milla

238 1748 454 1822 celebranda
463 1750 509 1821 de
519 1749 627 1820 beata
639 1750 777 1842 virgine
788 1743 936 1843 fingulis
949 1746 1104 1820 sabbatis
1119 1746 1267 1844 singulis
1285 1753 1485 1824 ebdomatie
1502 1776 1581 1846 per-

236 1861 359 1955 petuis
368 1861 500 1932 futuris
509 1860 732 1952 temporibus
741 1884 808 1954 per
816 1861 996 1952 prefatum
1007 1871 1228 1934 conuentum
1241 1887 1305 1957 pro
1316 1865 1436 1937 anima
1445 1865 1582 1937 Johan·

237 1971 296 2046 nis
329 1975 472 2046 comitis
497 1973 543 2044 de
570 1971 656 2043 Mar
680 1981 718 2043 et
742 1971 900 2044 Garioch
924 1981 963 2043 et
989 1993 1053 2064 pro
1079 1975 1201 2046 anima
1227 1975 1435 2071 Margarete
1457 1980 1581 2072 regine

238 2085 362 2159 Scotia
380 2095 419 2158 et
434 2108 499 2179 pro
511 2084 702 2155 fundatore
720 2081 878 2155 eiusdem
896 2107 938 2156 ac
954 2108 1020 2178 pro
1037 2087 1226 2159 animabus
1240 2091 1401 2159 omnium
1418 2089 1579 2161 fidelium

238 2198 490 2271 defunctorum
507 2206 545 2268 et
562 2218 627 2289 pro
648 2196 835 2268 animabus
852 2197 1095 2288 predictorum
1113 2199 1150 2268 in
1169 2199 1312 2272 lauacro
1329 2198 1428 2272 mille
1445 2201 1581 2275 scilicet

237 2305 1581 2406 postoffertoriumdeprofundr'smoresolitoetconsuetovnacumobsequijs

238 2432 463 2494 mortuorum
477 2422 515 2491 ix
528 2419 724 2491 lectionum
737 2416 848 2490 semel
860 2421 897 2488 in
910 2442 1005 2490 auno
1017 2415 1164 2515 lingulis
1177 2427 1280 2495 annis
1292 2427 1475 2520 perpetuis
1486 2427 1581 2498 futu·

237 2538 286 2607 ris
295 2534 519 2627 temporibus
531 2542 638 2626 prout
651 2533 689 2602 iu
701 2539 864 2602 extremo
877 2531 1011 2603 iudicio
1027 2555 1146 2604 coram
1157 2532 1296 2607 summo
1309 2538 1427 2609 iudice
1440 2537 1582 2632 respon·

238 2647 324 2718 dere
341 2645 563 2716 voluerimus
580 2683 589 2700 ·
608 2643 654 2714 In
672 2644 774 2715 cuius
787 2645 839 2714 rei
856 2639 1104 2716 testimonium
1121 2644 1282 2720 nostrum
1307 2645 1463 2744 figillnm
1486 2675 1582 2723 com·

239 2753 471 2830 munenostri
488 2764 690 2829 conuentus
702 2777 773 2826 vna
785 2778 868 2827 cum
887 2751 1001 2848 sigillo
1013 2761 1196 2830 communi
1207 2761 1357 2854 capituli
1374 2761 1485 2834 nostri
1503 2787 1582 2857 pro·

240 2869 404 2942 uincialis
421 2867 476 2942 est
492 2867 688 2963 appensum
706 2905 714 2923 ·
732 2866 845 2962 Apud
862 2866 994 2938 Pertht
1010 2889 1087 2940 au.
1105 2891 1445 2947 mcccouxxxuu.

240 3205 350 3279 carta
364 3201 542 3276 lobannis
559 3203 725 3277 colisoue
743 3206 852 3299 priori
870 3211 909 3276 et
926 3204 1097 3276 fratribus
1111 3203 1388 3282 carmelitarum
1407 3251 1415 3268 ·

240 3407 273 3504 J
275 3430 435 3503 ohannes
450 3425 616 3502 colisone
633 3424 817 3522 burgenfis
830 3429 934 3524 burgi
947 3430 992 3501 de
1008 3425 1205 3503 Aberdene
1224 3472 1232 3488 ·
1248 3473 1256 3490 ·
1271 3475 1281 3493 ·
1294 3433 1452 3508 Nouerit
1467 3437 1582 3513 vestra

242 3538 452 3615 vuiuerfitas
476 3564 535 3612 me
560 3540 766 3612 Johauuem
789 3539 957 3613 colisoue
974 3581 983 3600 ·
998 3582 1027 3600 ··
1046 3538 1179 3614 dedill‘e
1197 3565 1307 3616 vuum
1325 3570 1485 3620 annuum
1502 3553 1583 3623 red·

242 3658 359 3728 ditum
375 3677 439 3726 xx.
456 3655 485 3725 ἔ.
504 3653 634 3725 usualis
658 3663 806 3725 monete
833 3654 936 3748 regni
957 3653 1082 3727 scotie
1108 3658 1294 3727 aunuatim
1321 3672 1517 3734 exeuntem
1544 3675 1582 3736 et

242 3767 435 3842 leuandum
461 3766 507 3838 de
531 3767 637 3837 terris
662 3767 751 3836 meis
768 3767 815 3837 de
834 3765 1068 3838 Louchfeldis
1094 3790 1177 3838 cum
1203 3770 1384 3842 territorio
1402 3777 1581 3846 anteriore

244 3879 278 3953 le
293 3880 359 3974 kyl
377 3890 417 3951 et
432 3879 533 3950 rudis
549 3878 668 3950 eidem
682 3880 835 3949 annexis
853 3879 1057 3950 iacentibus
1074 3901 1120 3949 ex
1133 3887 1235 3972 parte
1247 3881 1461 3955 occidentali
1479 3887 1581 3983 burgi

242 3993 287 4064 de
303 3991 500 4064 Aberdene
523 3997 632 4083 prout
657 3985 692 4060 se
710 3990 880 4061 extendit
897 4015 919 4062 a
936 3993 994 4063 uia
1010 3992 1108 4084 regia
1133 4014 1204 4083 qua
1221 3992 1333 4064 itura
1350 3995 1443 4066 dicto
1469 3998 1582 4095 burgo

242 4102 363 4178 versus
379 4104 566 4175 canoniam
584 4102 629 4173 de
646 4101 843 4178 Aberdene
861 4127 907 4175 ex
926 4101 1091 4174 orientali
1110 4126 1156 4173 ex
1174 4127 1244 4174 vna
1261 4113 1299 4175 et
1317 4104 1351 4176 le
1368 4105 1583 4184 Braidfurde

243 4240 288 4288 ex
304 4213 520 4289 occidentali
537 4214 699 4308 partibus
725 4214 771 4286 ab
796 4214 912 4286 altera
936 4217 1034 4285 inter
1050 4213 1169 4285 lacum
1187 4215 1232 4286 de
1249 4215 1446 4292 Aberdene
1464 4221 1583 4294 versus

243 4325 402 4402 austrum
419 4337 457 4400 et
482 4348 711 4399 communem
729 4325 765 4398 le
790 4327 951 4422 Longrig
967 4321 1090 4396 versus
1115 4326 1251 4398 buriam
1277 4352 1360 4400 cum
1385 4329 1457 4402 suis
1483 4331 1583 4406 iustis

244 4441 472 4534 pertinentijs
488 4438 730 4531 omnipotenti
756 4437 836 4510 Deo
864 4448 903 4510 et
927 4440 1034 4510 beate
1052 4437 1171 4509 Maria
1201 4443 1368 4513 omnibus
1393 4441 1520 4517 sanctis
1546 4461 1584 4520 et

245 4554 352 4646 priori
378 4561 418 4625 et
442 4551 611 4624 iratribus
638 4549 940 4624 conuentualibus
966 4549 1243 4624 carmelitarum
1262 4554 1307 4625 de
1324 4554 1520 4630 Aberdene
1547 4563 1581 4630 in
