4050 5534
446 563 514 630 108
926 506 1233 631 nnnlsnnuu
1476 625 1494 656 „
1630 563 1778 658 [sactu

443 868 653 964 Capellanie
677 871 777 940 vnite
795 869 935 962 vicarija
960 870 1060 942 ebori
1086 866 1236 942 eealefie
1261 871 1477 946 cathedralis
1499 871 1778 948 Abbirdonenfia

829 981 923 1054 vltra
939 982 1154 1054 facultatem
1170 983 1367 1076 predit'tam
1385 1024 1394 1042 ·

444 1205 635 1301 Hospitale
652 1204 763 1279 sandi
781 1205 881 1279 Petri
898 1207 944 1278 de
962 1207 1068 1278 terris
1085 1214 1124 1280 et
1142 1207 1290 1280 decimis
1311 1205 1469 1280 eiusdem
1488 1217 1526 1280 et
1544 1209 1590 1282 de
1608 1211 1778 1284 inritibna

494 1321 626 1394 vinaria
644 1322 690 1392 de
706 1317 919 1413 Abbirdayn
937 1320 1077 1391 duobus
1094 1317 1290 1412 capellanis
1307 1315 1537 1392 distributum

1380 1433 1465 1526 xxvj
1484 1432 1546 1506 lib.
1564 1435 1627 1528 xiij
1646 1437 1675 1507 ἓ.
1693 1434 1779 1508 ivd.

446 1543 549 1639 Logy
565 1543 717 1617 Buchan
736 1543 917 1640 Logymar
934 1543 1200 1638 Kyldrummy·

497 1658 555 1729 De
571 1657 747 1730 fruttibus
764 1658 938 1730 dittarum
955 1652 1186 1730 ecelesiarum
1205 1679 1251 1728 ex
1269 1659 1474 1730 communia
1490 1657 1639 1752 capituli

434 1840 537 1954 ⁴Fola
553 1883 599 1954 de
616 1883 722 1954 terris
739 1880 899 1954 eiusdem
915 1905 980 1976 pro
997 1883 1120 1954 anima
1136 1880 1219 1954 Ade
1237 1881 1381 1978 Pingyll
1497 1937 1506 1952 .
1582 1793 1701 1980 11‚xxxvij
1720 1773 1780 1957 lib.

448 1993 589 2066 Foueru
607 2017 672 2089 per
687 1995 857 2067 abbatem
873 1997 919 2066 de
937 1995 1037 2090 Deyr
1054 1995 1100 2066 da
1116 1993 1292 2068 frudtibus
1309 1993 1468 2066 eiusdem
1486 1993 1636 2068 ecclelia

447 2217 681 2314 Kynedward
697 2243 763 2314 per
779 2221 934 2292 eundem
951 2219 1122 2292 abbatem
1141 2219 1187 2290 de
1204 2219 1378 2292 trudibus
1395 2107 1674 2348 difficiltffles·
1693 2135 1730 2182 ¹V
1745 2109 1779 2182 d·

446 2445 586 2518 Alueth
605 2469 669 2539 per
685 2445 856 2518 abbatem
872 2444 919 2516 de
935 2444 1058 2539 Cupro
1076 2445 1121 2516 de
1138 2443 1312 2516 fratibus
1330 2331 1673 2518 eiusdglrrllgdeldllltas·
1692 2360 1728 2407 ¹V
1745 2335 1780 2408 d·

447 2669 546 2742 Fiwe
558 2693 623 2764 per
635 2670 804 2742 abbatem
822 2670 868 2740 de
886 2667 1048 2740 Arbrotb
1063 2669 1108 2741 de
1121 2667 1295 2740 trudibus
1312 2555 1782 2746 vicmglldldgrlljseellge

444 2894 743 2991 Aucthtydonald
757 2917 822 2990 per
834 2895 1020 2967 dominum
1035 2887 1282 2965 Mariseallum
1296 2893 1342 2964 de
1355 2781 1632 2966 temysrelffsdxeffl
1646 2781 1782 2990 ῗέῂῃὶὶξ.

444 3007 654 3101 capellania
680 3007 835 3103 episcopi
869 3006 1072 3078 Alexandri
1106 3006 1152 3077 de
1186 3002 1397 3097 quibusdam
1425 3007 1554 3079 annuis
1581 3008 1783 3082 redditibus

494 3120 580 3191 ville
597 3114 879 3193 Abbirdoneufis
897 3129 937 3190 vt
953 3121 991 3190 in
1008 3114 1157 3213 registro
1175 3116 1334 3190 eiusdem
1349 3117 1456 3190 latius
1474 3121 1683 3192 continetur

444 3343 553 3416 Ellon
566 3367 631 3438 per
643 3344 811 3416 abbatem
826 3343 872 3414 de
886 3339 1098 3436 Kynlollde
1111 3341 1285 3413 fruetibue
1298 3339 1457 3414 eiusdem
1475 3233 1625 3416 ecclesltl
1645 3257 1782 3439 liijlxlilst

830 3453 981 3526 Summa
998 3456 1080 3548 juij
1098 3455 1161 3526 lit.
1179 3453 1244 3548 xiij
1262 3455 1290 3526 ἓ.
1309 3455 1345 3525 iv
1363 3451 1399 3526 d.

443 3683 660 3756 Communia
675 3701 868 3774 puerorum
886 3701 933 3751 ex
950 3680 1158 3752 eommunia
1173 3677 1323 3772 capituli
1424 3733 1432 3750 .
1534 3733 1542 3752 .
1635 3683 1696 3776 xvj
1715 3681 1780 3756 lib.

707 3903 859 3976 Summa
875 3904 998 3976 totalis
1023 3903 1212 3996 iij⁰xxxviij
1232 3902 1293 3972 lit.
1312 3903 1375 3996 xiij
1394 3903 1423 3974 t.
1442 3903 1478 3972 iv
1495 3899 1530 3998 d.
