4050 5534
169 702 176 721 .
239 656 322 753 xe]
703 613 1112 735 nenunounneu.
1514 673 1583 747 167

235 880 364 929 aureus
375 857 570 933 cumviridi
580 857 699 951 lapide
708 860 747 931 in
757 858 923 931 manibus
933 860 1060 933 decani
1069 862 1237 934 moderni
1249 865 1397 937 exdono
1407 864 1576 962 magistro

238 968 387 1047 ilenrici
415 967 544 1064 Heruy
568 969 752 1064 quondam
779 972 935 1043 cantoris
960 970 1254 1047 Abberdonenlrs
1294 1016 1302 1032 ·
1342 976 1440 1051 Item
1468 1002 1578 1051 vuum

236 1081 369 1154 monile
404 1102 554 1157 aureum
590 1104 674 1154 cum
704 1082 820 1155 tribus
850 1083 970 1157 rubeis
1000 1084 1198 1180 vulgariter
1229 1086 1397 1162 abaco
1422 1114 1465 1163 ac
1494 1115 1576 1163 curn

237 1192 349 1265 tribus
366 1192 474 1288 perlis
498 1216 611 1265 vnum
637 1189 738 1266 deest
754 1217 802 1267 ex
819 1194 914 1266 dono
939 1193 1100 1269 eiusdem
1123 1198 1363 1271 archidiaconi
1380 1236 1389 1254 ·
1406 1200 1504 1275 Item
1530 1228 1575 1275 ex

237 1306 327 1377 done
343 1302 503 1379 eiusdem
524 1330 615 1380 vnus
642 1308 799 1383 annulus
824 1316 1019 1402 argenteus
1044 1331 1127 1380 cum
1154 1331 1286 1405 magno
1313 1315 1432 1406 capite
1447 1316 1486 1384 in
1504 1338 1575 1407 qno

236 1418 467 1490 continentur
481 1421 668 1515 ymagines
684 1422 792 1493 beate
809 1421 957 1514 virginis
975 1430 1013 1491 et
1029 1416 1140 1493 sanbti
1157 1418 1337 1495 Iohannis
1354 1464 1363 1482 ·
1381 1424 1478 1497 Item
1495 1427 1574 1499 bra-

237 1530 328 1601 cium
351 1526 463 1603 sanlti
490 1527 651 1626 Fergnlij
677 1533 717 1604 in
742 1539 892 1627 argento
918 1552 1002 1605 cum
1019 1527 1150 1605 ollibus
1177 1531 1335 1607 eiusdem
1353 1575 1362 1593 ·
1381 1534 1479 1609 Item
1505 1561 1575 1611 vna

237 1642 324 1733 pixis
341 1641 389 1713 de
405 1638 562 1715 cristallo
587 1666 671 1716 cum
696 1644 790 1738 pede
813 1651 985 1737 argenteo
1011 1643 1183 1717 deaurato
1208 1668 1292 1717 cum
1318 1646 1467 1720 diuerfis
1491 1650 1573 1722 reli-

236 1754 323 1847 quiJ’s
340 1792 349 1811 ·
368 1752 465 1827 Item
479 1777 591 1827 vnum
607 1753 652 1827 lie
675 1778 768 1852 eorep
792 1752 1005 1851 argenteum
1030 1756 1242 1829 deauratum
1264 1758 1426 1851 pendens
1451 1784 1571 1840 coram

237 1887 361 1961 magno
386 1866 493 1940 altari
520 1863 583 1939 seu
609 1863 824 1941 eucharistia
850 1908 858 1925 ·
888 1865 985 1939 Item
1013 1867 1085 1940 due
1110 1868 1217 1941 teche
1242 1870 1287 1941 de
1312 1870 1490 1944 auricalco
1506 1897 1570 1967 pro

234 1975 500 2053 conseruatione
516 1978 748 2072 reliquiarum
762 2001 914 2072 quarum
931 2002 1003 2051 vna
1019 1978 1131 2051 habet
1146 1977 1209 2051 sex
1234 1983 1419 2075 ymagines
1427 2007 1482 2056 ex
1500 2008 1571 2057 vna

231 2099 332 2182 parte
362 2088 496 2163 clausas
521 2102 560 2163 et
583 2112 655 2165 vna
679 2086 785 2185 super
800 2090 915 2163 altere
940 2113 1024 2163 cum
1049 2086 1182 2163 effibus
1216 2091 1337 2165 lenite
1365 2093 1570 2169 Katherine

231 2200 348 2277 sande
378 2201 523 2277 Helene
556 2202 676 2277 sanbte
706 2201 916 2298 Margarete
945 2214 984 2275 et
1016 2201 1132 2277 Ysaac
1161 2206 1363 2298 patriarche
1391 2216 1431 2280 et
1458 2206 1567 2281 sanbti

231 2312 389 2387 Dnthaci
419 2356 429 2372 ·
459 2315 506 2387 In
532 2314 604 2389 alia
633 2316 741 2388 techa
768 2312 986 2387 vestimenta
1018 2316 1125 2389 beate
1154 2312 1275 2389 Marie
1305 2318 1452 2413 virginis
1485 2322 1569 2392 curii

230 2426 392 2521 pluribus
408 2427 487 2522 alijs
505 2427 675 2501 videlicet
692 2422 824 2500 ollibus
843 2426 941 2499 Petri
960 2435 999 2500 et
1017 2425 1124 2499 Pauli
1140 2435 1180 2498 et
1208 2425 1329 2501 sanae
1355 2428 1504 2526 Brigide
1530 2446 1568 2505 et
1684 2526 1689 2533 .

230 2540 437 2633 pulueribus
462 2540 573 2615 saneti
608 2540 792 2615 Edmundi
827 2538 1081 2633 archiepiscopi
1112 2577 1120 2596 ·
1160 2536 1259 2611 Item
1289 2563 1380 2613 vnns
1413 2545 1569 2631 annulus

228 2664 421 2748 argenteus
453 2677 538 2727 cum
564 2653 684 2747 lapide
723 2654 767 2726 de
803 2651 997 2746 columpna
1036 2650 1144 2725 datus
1173 2674 1238 2745 per
1268 2651 1489 2727 Nicholaum
1522 2659 1568 2730 de

230 2763 360 2837 Lesure
385 2804 394 2821 ·
420 2764 518 2838 Item
549 2788 640 2837 vnus
666 2765 823 2839 annulus
853 2764 898 2837 de
927 2762 1122 2857 columpna
1151 2763 1258 2836 datus
1286 2786 1352 2859 per
1385 2764 1567 2843 Helenam

229 2876 408 2967 bichtonn
433 2916 441 2933 ·
467 2876 565 2949 Item
590 2899 682 2950 enus
707 2877 863 2950 annulus
885 2883 1079 2971 argenteus
1104 2897 1187 2946 cnm
1214 2873 1332 2970 lapide
1349 2878 1395 2950 de
1411 2877 1567 2953 cristallo

227 2990 400 3081 quadrato
425 2990 531 3064 datus
547 3012 613 3083 per
641 2990 821 3083 quendam
847 2987 999 3061 Scotum
1024 2997 1308 3059 commorantem
1325 2990 1364 3061 in
1391 2989 1563 3065 Francia·

227 3098 321 3173 Item
339 3124 432 3175 snus
453 3123 606 3197 magnus
631 3101 787 3174 annulus
811 3122 942 3174 aureus
967 3099 1187 3172 conueniens
1209 3120 1274 3192 pro
1299 3100 1564 3195 episcopocum

226 3236 355 3309 magno
382 3211 531 3308 saphero
556 3223 596 3286 et
621 3212 801 3308 lapidibus
826 3208 993 3307 preciosus
1018 3207 1164 3283 inclusis
1190 3212 1297 3283 datus
1322 3236 1387 3306 per
1402 3214 1565 3287 Alexan-

225 3326 328 3397 drum
346 3322 551 3420 episcopum
576 3364 586 3383 ·
611 3323 709 3397 Item
735 3346 826 3396 vnus
852 3322 942 3415 lapis
960 3319 1107 3395 eristalli
1130 3344 1212 3393 cnm
1240 3334 1391 3418 argento
1415 3349 1562 3421 cooper-

225 3450 309 3510 tus·
336 3436 435 3511 Item
460 3460 531 3509 vna
555 3438 650 3532 pixis
675 3436 836 3509 eburnea
859 3435 946 3508 data
978 3456 1044 3528 per
1068 3430 1271 3505 Henricum
1298 3434 1405 3528 nynd
1430 3475 1439 3492 ·
1465 3426 1562 3510 Item
1693 3432 1699 3441 ’

226 3572 334 3621 vnum
375 3548 490 3623 iocale
526 3550 574 3621 de
611 3559 762 3644 argento
801 3570 884 3621 cum
923 3546 1092 3641 ymagine
1137 3546 1300 3617 crucifixi
1339 3559 1378 3619 et
1417 3551 1563 3642 pietatis

223 3662 348 3739 datum
384 3684 449 3756 per
485 3661 672 3733 dominnm
706 3659 912 3733 Iohannem
948 3652 1091 3729 Frostar
1117 3654 1272 3728 militem
1315 3698 1323 3717 ·
1364 3658 1461 3731 Item
1491 3663 1563 3734 dne

224 3796 353 3847 corone
379 3774 426 3847 de
449 3784 600 3869 argento
626 3774 797 3847 deaurate
829 3795 894 3867 pro
922 3767 1064 3843 Christo
1094 3779 1133 3840 et
1163 3768 1309 3843 domina
1334 3767 1455 3843 nostra
1479 3797 1562 3845 curn

226 3884 401 3979 lapidibus
437 3904 590 3980 quarum
620 3886 692 3957 due
725 3886 828 3979 pecie
857 3884 968 3955 fradre
994 3904 1065 3953 vna
1090 3881 1205 3951 maior
1230 3903 1302 3959 vna
1330 3884 1449 3954 minor
1477 3909 1560 3957 curu

224 3998 362 4072 duobus
385 3998 563 4094 lapidibus
589 3996 730 4071 seruate
754 3998 794 4069 in
818 3992 924 4069 bursa
948 3996 986 4065 in
1011 3990 1175 4073 custodia
1201 3989 1419 4067 thesaurarie
1435 4037 1445 4052 ·
1463 3994 1559 4070 Item

222 4114 381 4205 quinque
398 4108 501 4185 burse
518 4134 627 4185 auree
643 4132 726 4182 cum
751 4109 912 4203 reliquijs
936 4105 1137 4179 oneomm
1154 4144 1163 4163 ·
1182 4101 1280 4176 Item
1302 4107 1461 4200 quinque
1476 4110 1561 4182 fiole
1669 4169 1675 4181 ,

222 4232 393 4318 argentee
419 4245 570 4317 quarum
599 4224 704 4295 vuius
734 4202 1007 4315 coopertorium*
1021 4216 1143 4288 deficit
1171 4212 1233 4287 sed
1262 4215 1316 4289 est
1338 4220 1377 4289 in
1402 4216 1561 4295 custodia

223 4332 439 4409 thesaurario
455 4373 464 4392 ·
481 4332 578 4407 Item
605 4344 681 4407 tres
706 4332 865 4427 ampulla
891 4340 1064 4425 argentee
1088 4329 1352 4421 coopertorium
1377 4334 1480 4403 vuius
1506 4332 1560 4407 est

222 4446 449 4540 deperditum
466 4470 531 4542 per
546 4430 733 4519 domiuum
747 4443 977 4517 Willelmum
996 4436 1205 4512 Donaldson
1222 4443 1456 4514 camerarium
1469 4448 1559 4539 epil'-

221 4562 302 4657 copi
313 4562 351 4633 in
362 4561 492 4633 itinere
502 4558 622 4633 vertes
632 4557 787 4631 Brechin
800 4580 864 4651 pro
875 4550 1042 4628 crismate
1057 4591 1066 4608 ·
1078 4550 1175 4623 Item
1186 4572 1297 4623 vnum
1309 4554 1409 4626 welle
1419 4564 1557 4651 argenti
