4050 5534
428 1619 435 1630 ’
513 1645 576 1730 Bt
607 1639 840 1725 umatum
871 1639 911 1720 rt
944 1635 1208 1721 translations
1237 1637 1350 1721 astu

596 1789 839 1894 arsuram
871 1791 987 1892 staur
1020 1790 1069 1874 tr
1093 1792 1271 1894 spiritua,

724 1961 843 2028 nrum
869 1940 1149 2029 scrutatum.

317 2287 496 2381 Tempore
523 2286 711 2359 Malcolmi
730 2284 841 2381 Regis
860 2286 985 2358 Scotie
1001 2285 1067 2380 filij
1094 2285 1248 2358 Keuach
1271 2307 1336 2379 per
1352 2307 1434 2356 eum
1455 2285 1610 2358 Malcol-

266 2422 368 2472 mum
389 2396 587 2471 constituta
611 2396 665 2470 est
689 2400 805 2493 primo
831 2395 932 2468 sedes
958 2395 1167 2491 episcopalis
1193 2399 1288 2492 apud
1315 2397 1523 2471 Morthlach
1549 2401 1610 2492 qui

267 2513 411 2584 dotauit
440 2508 626 2584 eeclesiam
657 2512 702 2582 de
733 2510 917 2583 Mortlach
943 2534 1027 2581 cum
1054 2513 1159 2582 terris
1187 2511 1445 2592 deMortlach
1468 2522 1610 2584 etcum

267 2634 366 2696 terra
383 2633 420 2695 at
438 2620 588 2696 ecclesia
605 2625 650 2694 de
668 2623 825 2694 Cioueth
851 2620 1005 2716 episcopi
1034 2623 1092 2719 [et
1118 2647 1200 2696 cum
1222 2620 1371 2696 ecclesia
1387 2634 1425 2696 et
1443 2627 1547 2696 terris
1566 2628 1611 2697 de

267 2733 478 2830 Duumeth]
506 2774 515 2792 ·
541 2735 590 2807 Et
608 2737 755 2806 suerunt
772 2736 822 2807 ibi
844 2745 918 2806 tres
936 2732 1090 2829 episcopi
1116 2732 1312 2814 succeffiue,
1335 2777 1343 2794 ·
1369 2739 1505 2830 primus
1523 2736 1613 2832 epis-

266 2873 380 2944 oopus
395 2850 532 2920 ibidem
549 2846 669 2920 sedam
696 2858 826 2920 tenens
851 2848 1048 2919 vocabatur
1075 2846 1177 2942 Beyu
1196 2886 1204 2903 ·
1222 2845 1398 2920 secundus
1425 2848 1611 2944 episcopus

267 2963 466 3034 vocabatur
481 2961 684 3032 Donarcius
701 3000 710 3016 ·
729 2962 858 3032 tertius
880 2956 1065 3054 episcopus
1083 2961 1279 3032 vocabatur
1296 2960 1496 3034 Cormauch
1516 3003 1524 3020 ·

320 3295 486 3370 Processu
505 3319 590 3368 vero
604 3297 777 3389 temporis
790 3291 963 3367 transsata
980 3294 1034 3367 est
1051 3293 1152 3368 sedes
1165 3294 1373 3391 episcopalis
1391 3301 1484 3393 apud
1496 3299 1614 3374 Aber-

268 3412 343 3483 don
384 3433 450 3503 per
481 3391 605 3480 Dauid
638 3430 761 3502 regem
796 3405 921 3480 Scotie
954 3409 1087 3486 filium,
1106 3408 1295 3481 Malcolmi
1330 3410 1517 3484 Keumore
1551 3416 1612 3507 qui

268 3525 412 3596 dotauit
438 3523 572 3593 didam
597 3515 783 3592 ecclesiam
801 3519 847 3590 de
864 3516 1022 3592 ecclesiis
1048 3521 1210 3615 pluribus,
1228 3531 1267 3594 et
1284 3519 1551 3617 possessionibus
1576 3539 1614 3597 et

268 3637 420 3708 decimis
445 3635 608 3705 omnium
626 3633 836 3704 reddituum
862 3630 1005 3703 suorum
1028 3635 1125 3705 inter
1150 3635 1238 3705 duas
1255 3658 1365 3728 aquas
1382 3621 1452 3729 que
1472 3637 1551 3710 Dee
1576 3650 1615 3711 et

267 3748 367 3843 Spee
383 3749 556 3820 dicuutur
572 3769 681 3839 quam
707 3745 854 3837 quidem
882 3746 1005 3816 dotem
1033 3755 1080 3818 et·
1097 3747 1329 3838 donatiouem
1347 3746 1548 3842 specialiter
1574 3765 1613 3824 et

267 3862 484 3932 nominatim
513 3861 680 3932 dominus
710 3880 803 3950 papa
832 3856 1015 3930 Adrianus
1045 3869 1195 3952 quartus
1218 3857 1282 3930 sub
1313 3860 1414 3932 bulla
1443 3859 1505 3936 sua
1530 3887 1613 3936 con·

267 3975 454 4046 firmauit·
520 3973 523 3978 ’

322 4309 464 4380 Primus
481 4305 668 4402 episcopus
681 4306 817 4379 ibidem
830 4299 987 4379 residens
1005 4305 1201 4381 vocabatur
1219 4308 1407 4384 Nedtauus
1418 4351 1427 4368 ·
1439 4311 1615 4387 secundus

268 4423 470 4496 Edwardus
497 4423 560 4513 qui
589 4423 704 4514 primo
721 4423 923 4492 canonicos
956 4418 1113 4493 instituit
1147 4424 1185 4492 iu
1215 4423 1310 4496 diua
1343 4421 1492 4498 eeclesia
1524 4424 1615 4500 sedis

266 4532 463 4632 apostolice
488 4534 702 4606 auctoritate
730 4569 738 4590 ·
767 4534 898 4605 tertius
924 4533 1116 4607 Mattheus
1142 4537 1187 4607 de
1213 4534 1425 4630 Kynimond
1448 4543 1506 4612 cui
1532 4543 1616 4615 date
