4050 5534
548 656 855 729 REGISTRUM
886 656 1291 734 ABERDONENSE.
1523 673 1592 740 123

244 856 355 949 regiis
371 851 421 928 fic
438 854 618 949 applicata
633 865 737 929 erant
755 852 874 928 vsrbus
900 860 995 949 quod
1012 861 1058 932 ab
1076 859 1159 954 ipsis
1175 860 1348 958 episcopis
1364 867 1402 936 in
1419 864 1490 938 suis
1507 888 1592 938 con·

243 969 374 1042 dendis
392 965 618 1042 testamentis
634 967 740 1065 snper
762 970 867 1041 bonis
883 967 1113 1065 disponendis
1129 972 1331 1047 huiusmodi
1350 979 1497 1049 omnino
1514 988 1592 1051 erat

243 1081 417 1176 adempta
441 1082 595 1154 facultas
612 1122 620 1139 ·
639 1083 686 1154 ob
703 1086 950 1155 reuerentiam
968 1085 1083 1156 diuini
1106 1089 1263 1158 nominis
1288 1111 1330 1160 ac
1356 1087 1526 1161 consensu
1552 1101 1590 1164 et

243 1187 383 1266 assensu
417 1189 605 1288 cbariffimj
636 1195 675 1265 in
705 1192 847 1266 Christo
876 1195 940 1290 filij
971 1196 1125 1269 Roberti
1158 1200 1251 1294 regis
1285 1209 1373 1272 tunc
1407 1199 1590 1276 senescalli

242 1303 374 1379 Scocie
390 1330 433 1380 ac
450 1309 593 1379 comitis
610 1309 656 1379 de
673 1306 889 1379 Stratherne
905 1311 1049 1403 nepotis
1066 1306 1175 1404 ipsius
1193 1310 1314 1384 Dauid
1331 1315 1426 1408 regis
1444 1327 1483 1386 et
1499 1315 1590 1388 libe·

240 1441 365 1490 rorum
380 1416 491 1513 ipsius
516 1419 669 1491 Roberti
694 1443 762 1492 neo
787 1442 861 1490 non
888 1421 1041 1493 aliorum
1068 1423 1243 1494 baronum
1269 1432 1307 1496 et
1331 1449 1521 1519 procerum
1547 1453 1589 1501 ac

240 1533 355 1603 trium
368 1533 672 1604 communitatum
686 1532 770 1603 disti
786 1535 889 1629 regni
906 1535 944 1604 in
960 1534 1069 1628 pleno
1086 1535 1324 1628 parliamento
1340 1561 1405 1631 pro
1419 1536 1455 1610 se
1466 1549 1504 1611 et
1517 1539 1588 1614 suis

240 1640 435 1716 heredibus
459 1668 502 1716 ac
526 1639 779 1717 successoribus
805 1669 913 1717 omne
939 1648 996 1717 ius
1022 1649 1118 1741 quod
1136 1645 1201 1720 fibi
1227 1652 1264 1721 in
1277 1647 1459 1745 ‘premissis
1485 1653 1587 1726 bonis

207 1827 211 1833 ,
238 1755 420 1828 ditiorum
444 1753 690 1850 episcoporum
715 1768 879 1851 tempore
905 1759 1025 1832 obitus
1051 1783 1176 1832 eorum
1202 1762 1473 1853 quomodolibet
1491 1789 1588 1838 com·

238 1868 392 1960 petebat
407 1865 492 1963 ipsis
516 1868 689 1963 episcopis
706 1870 752 1940 de
768 1870 885 1964 gratia
908 1867 1054 1965 speciali
1079 1869 1250 1944 concessit
1273 1883 1381 1969 prout
1398 1877 1436 1946 in
1454 1876 1587 1950 litteris

237 1983 437 2053 autenticis
461 1981 547 2052 inde
567 1981 740 2053 confessis
757 1981 841 2052 disti
868 1981 990 2054 Dauid
1016 1986 1110 2079 regis
1135 1981 1250 2078 sigillo
1268 1988 1419 2058 munitis
1443 1988 1586 2082 plenius

87 2165 97 2196 ι
239 2094 471 2164 continetur·
484 2091 606 2178 Quare
622 2116 687 2188 pro
699 2103 803 2188 parte
816 2095 994 2165 ditiorum
1008 2095 1254 2190 episcoporum
1269 2098 1372 2169 nobis
1385 2099 1456 2171 suit
1469 2101 1587 2173 bumi-

238 2203 326 2276 liter
339 2201 580 2299 supplicatum
594 2215 635 2277 vt
646 2206 850 2278 huiusmodi
863 2203 1078 2280 concessioni
1095 2232 1160 2302 per
1177 2209 1314 2280 ditium
1327 2209 1449 2282 Dauid
1461 2236 1584 2308 regem

237 2317 333 2390 sabbe
362 2318 473 2389 robur
501 2318 785 2390 confirmationis
813 2319 969 2391 adiicere
1001 2343 1084 2392 cnm
1114 2317 1346 2414 supplecione
1376 2323 1584 2397 defectuum

236 2426 266 2500 li
284 2433 347 2522 qui
367 2429 482 2502 forsan
500 2432 539 2501 in
557 2453 602 2502 ea
616 2433 882 2502 interuenerint
900 2433 946 2503 de
963 2432 1191 2527 benignitate
1208 2430 1405 2527 apostolica
1422 2437 1585 2532 dignare·

236 2565 322 2614 mur
358 2581 369 2599 ·
405 2543 485 2615 Nos
512 2543 635 2636 itaque
660 2542 864 2614 huiusmodi
894 2542 1218 2638 supplicacionibus
1252 2544 1416 2620 inclinati
1443 2550 1586 2622 conces-

235 2651 376 2727 sionem
393 2652 504 2748 ipsam
521 2679 587 2749 per
604 2655 739 2727 dissum
756 2655 880 2727 Dauid
905 2680 1029 2752 regem
1047 2658 1092 2727 de
1109 2653 1312 2729 huiusmodi
1330 2659 1408 2730 iure
1428 2659 1468 2751 (fi
1486 2666 1583 2755 quod

236 2765 303 2839 fibi
320 2769 361 2840 in
386 2768 491 2838 distis
508 2768 611 2839 bonis
627 2768 826 2838 eorundem
852 2765 1099 2863 episcoporum
1117 2769 1363 2862 competebat)
1383 2770 1512 2843 fastam
1529 2798 1584 2846 ra·

235 2888 315 2951 tam
333 2879 510 2952 habentes
526 2887 565 2950 et
574 2888 712 2974 gratam
728 2901 809 2951 eam
822 2880 1036 2952 austeritate
1050 2876 1245 2973 apostolica
1258 2904 1305 2952 ex
1318 2891 1418 2954 certa
1434 2880 1584 2958 scientia

234 3001 367 3063 tenore
382 2988 604 3085 presentium
622 2991 876 3063 confirmamus
889 3000 928 3064 et
940 2988 1116 3086 presentis
1131 2988 1254 3085 scripti
1269 2996 1469 3087 patrocinio
1486 3020 1583 3069 com·

234 3105 424 3176 munimus
449 3100 657 3198 supplentes
678 3125 823 3175 omnem
850 3104 1034 3178 defessum
1052 3099 1078 3173 sr
1096 3104 1176 3196 quis
1201 3100 1317 3175 forsan
1343 3107 1581 3181 interuenerit

232 3216 274 3286 in
288 3216 438 3286 eadem·
450 3213 556 3286 Nulli
574 3238 659 3309 ergo
676 3217 824 3286 omnino
835 3217 1025 3288 hominum
1043 3216 1152 3287 liceat
1165 3216 1257 3287 hanc
1275 3217 1443 3312 paginam
1461 3217 1581 3294 nostre

234 3326 525 3399 confirmacionis
535 3328 831 3398 commonicionis
849 3337 887 3399 et
905 3325 1145 3424 supplecionis
1161 3327 1358 3423 infringere
1376 3330 1434 3401 vel
1446 3333 1479 3402 ei
1493 3330 1579 3406 ausu

234 3440 431 3510 temerario
457 3438 635 3510 contraire
662 3434 689 3508 si
718 3440 798 3530 quis
831 3449 955 3512 autem
980 3442 1050 3512 hoc
1083 3449 1303 3535 attemptare
1328 3439 1579 3539 presumpserit

231 3552 527 3647 indignationem
552 3553 813 3644 omnipotentis
830 3550 901 3624 Dei
919 3561 957 3623 et
974 3553 1164 3624 beatorum
1183 3551 1282 3624 Petri
1301 3562 1339 3624 et
1358 3553 1463 3627 Pauli
1481 3557 1579 3652 apos-

230 3663 395 3734 tolorum
409 3663 487 3735 eius
503 3659 540 3734 se
556 3663 701 3733 nouerit
717 3662 943 3736 incursurum
961 3705 969 3721 ·
988 3663 1088 3736 Data
1104 3663 1297 3737 Auineone
1312 3664 1396 3738 Kal.
1415 3667 1440 3738 J
1441 3673 1576 3764 anuarij

230 3774 469 3870 pontificatus
486 3771 596 3846 nostri
613 3798 708 3846 anno
725 3777 842 3868 primo
859 3818 868 3834 ·
887 3775 927 3847 N
928 3799 968 3847 os
984 3777 1096 3870 igitur
1112 3778 1300 3870 cupientes
1318 3787 1358 3848 vt
1375 3779 1578 3854 huiusmodi

230 3882 412 3959 concessio
444 3908 510 3978 per
539 3887 675 3957 dittum
708 3909 831 3982 regem
861 3897 901 3959 vt
935 3889 1160 3982 premittitur
1193 3889 1287 3960 faita
1319 3890 1578 3966 inuiolabiliter

230 3995 448 4071 obseruetur
473 4007 511 4069 ot
536 4007 728 4092 propterea
754 3999 918 4072 volentes
943 4022 1008 4094 per
1033 3997 1153 4071 nostre
1169 4002 1401 4093 prouidencie
1419 4000 1576 4078 studium

229 4121 457 4206 oportunum
473 4111 512 4181 in
528 4111 596 4182 bac
612 4120 715 4204 parte
734 4113 935 4183 remedium
960 4114 1131 4185 adhibere
1146 4137 1213 4207 per
1228 4110 1422 4208 apostolica
1446 4113 1577 4213 scripta

229 4225 448 4296 mandamus
468 4231 647 4317 quatenus
672 4246 737 4295 vos
761 4225 838 4296 duo'
850 4233 914 4298 aut
931 4248 1023 4296 vnus
1045 4222 1202 4296 vestrum
1226 4248 1371 4319 perros
1387 4227 1445 4298 vel
1464 4229 1576 4303 alium

228 4334 298 4408 seu
316 4335 403 4409 ulios
420 4331 681 4409 concessionem
699 4335 902 4408 huiusmodi
919 4361 984 4432 per
999 4360 1066 4409 nos
1084 4347 1123 4407 vt
1142 4339 1365 4431 premittitur
1390 4341 1576 4417 confirma-

228 4458 315 4522 tam
324 4449 462 4520 faoiatis
473 4449 687 4520 austeritate
699 4445 893 4543 apostolica
902 4448 1101 4544 supradista
1112 4449 1370 4522 inuiolabiliter
1380 4449 1576 4529 obseruari·

228 4561 516 4634 contradittorea
543 4557 720 4653 quossibet
745 4572 784 4634 et
808 4562 963 4635 rebelles
987 4563 1201 4638 auctoritate
1221 4564 1381 4656 prediita
1405 4586 1471 4659 per
1494 4593 1577 4643 oen-
