4050 5534
401 664 472 730 242
925 651 1231 728 REGISTRUM
1596 657 1750 752 [ancum

405 856 582 927 ultionem
606 855 763 927 adducet
787 851 1037 926 retributionis
1063 854 1153 926 deus
1178 851 1252 948 ipse
1270 857 1392 928 veniet
1417 867 1457 927 et
1481 853 1635 928 saluobit
1657 879 1746 927 noo·

405 978 494 1039 tunc
510 969 718 1062 aperientur
743 965 840 1038 oculi
856 987 1024 1039 cecorum
1049 973 1089 1038 ot
1106 987 1211 1038 aures
1228 963 1414 1040 surdorum
1440 969 1640 1064 patebunt·
1659 977 1747 1040 tuno

406 1077 508 1152 saliet
534 1076 626 1152 ficut
650 1101 781 1152 cernua
805 1078 956 1150 claudun
973 1087 1013 1150 et
1037 1085 1165 1172 aperta
1187 1079 1257 1152 erit
1283 1078 1408 1175 lingua
1432 1089 1618 1152 mutorum
1636 1121 1645 1138 ·
1663 1082 1747 1173 quia

405 1187 505 1264 sciiie
520 1189 605 1264 sunt
624 1191 663 1262 in
679 1186 820 1264 deserto
845 1213 939 1284 oque
962 1198 1002 1262 et
1028 1199 1208 1263 torrentes
1225 1192 1265 1264 in
1282 1189 1476 1266 solitudine
1493 1229 1502 1246 ·
1519 1201 1559 1266 et
1577 1216 1649 1286 que
1670 1208 1747 1266 erat

407 1306 507 1377 arida
521 1307 560 1376 in
577 1299 743 1400 stagnum
767 1312 807 1376 et
822 1297 948 1376 fitiena
963 1305 1003 1374 in
1020 1303 1140 1376 fontes
1157 1326 1330 1397 aquarum
1346 1348 1355 1366 ·
1373 1306 1425 1378 ait
1442 1305 1609 1377 dominus
1634 1308 1748 1376 omni-

406 1427 555 1511 potena-

609 1753 832 1828 Pnonnncm
849 1773 1011 1826 runcu-
1030 1750 1176 1826 naono
1195 1752 1299 1826 Imm
1316 1773 1540 1827 rnornnnn·

461 1977 544 2052 Hec
574 1980 663 2052 dicit
691 1979 861 2051 dominun
890 1977 1010 2072 Super
1034 1989 1197 2050 montem
1232 1976 1415 2050 excelsum
1444 1975 1596 2052 ascende
1620 1987 1663 2050 tu
1689 1981 1750 2072 qui

411 2089 634 2188 euangelista
650 2089 751 2186 Syon
768 2089 892 2163 exalta
907 2091 946 2160 in
964 2089 1179 2163 fortitudine
1195 2111 1320 2162 vocem
1337 2100 1440 2162 tuam
1451 2091 1512 2184 qui
1531 2087 1751 2186 euangelista

412 2200 640 2276 Hierusalem
670 2243 680 2260 ·
707 2203 831 2276 exalta
846 2201 921 2274 noli
948 2203 1080 2274 timere
1098 2243 1107 2260 ·
1126 2201 1185 2274 dio
1210 2203 1421 2275 ciuitatibus
1439 2201 1531 2275 Inde
1549 2201 1645 2275 Ecce
1662 2203 1750 2274 deur

412 2311 529 2387 vester
544 2339 631 2389 ecce
655 2315 824 2388 dominus
846 2315 935 2386 deun
961 2314 1234 2387 infortitudine
1261 2317 1383 2387 veniet
1408 2324 1448 2387 et
1470 2315 1655 2388 brachium
1673 2317 1751 2388 eius

412 2428 684 2501 dominabitur·
708 2450 793 2500 ecce
809 2447 950 2500 marceo
975 2429 1054 2498 eius
1078 2447 1162 2499 cum
1180 2451 1224 2498 eo
1241 2435 1280 2500 et
1302 2449 1393 2520 opus
1414 2427 1511 2499 illius
1528 2449 1647 2500 coram
1665 2428 1752 2499 illo·

412 2539 518 2612 Sicut
532 2537 654 2634 pastor
664 2563 812 2636 gregem
830 2538 934 2611 snum
950 2538 1073 2633 pascet
1090 2541 1128 2610 in
1145 2538 1291 2612 brachio
1307 2535 1372 2611 suo
1388 2540 1623 2635 congregabit
1639 2563 1750 2636 agnon

412 2661 452 2724 et
469 2653 506 2724 in
523 2651 602 2726 finu
618 2651 683 2726 suo
701 2651 839 2724 iuuabit
856 2673 919 2724 eoo
936 2651 1104 2724 dominun
1120 2651 1210 2724 deun
1226 2647 1367 2725 nostor·

608 2989 771 3072 Quiane
789 2985 1189 3059 nnonnncri·hncr10
1208 2985 1311 3058 Imm
1329 3007 1554 3060 anonumu-

464 3213 546 3286 Hec
564 3215 653 3286 dicit
677 3213 844 3284 dominun
859 3207 1003 3283 Christo
1021 3232 1103 3281 mec
1129 3209 1226 3305 Cyro
1242 3213 1345 3284 cuiue
1363 3213 1585 3306 apprehendi
1602 3213 1750 3286 dextera

415 3338 455 3398 vt
471 3322 656 3422 subijciam
679 3333 767 3398 anto
789 3324 917 3396 faeiem
943 3311 1022 3393 eius
1040 3335 1169 3416 gentes
1195 3333 1233 3396 et
1251 3323 1353 3396 dorsa
1377 3347 1503 3420 regum
1522 3336 1689 3400 vertam·
1712 3337 1750 3398 et

414 3439 573 3533 aperiam
599 3459 719 3509 coram
738 3459 782 3507 eo
799 3436 924 3507 ianuas
942 3475 951 3491 ·
969 3443 1008 3504 et
1027 3443 1130 3527 porte
1155 3458 1227 3506 non
1241 3435 1487 3522 claudentur·
1513 3437 1592 3534 Ego
1609 3449 1696 3511 ante
1711 3451 1749 3509 te

413 3552 475 3623 ibo
492 3562 531 3622 et
555 3546 726 3645 gloriosos
743 3557 840 3620 terre
856 3544 1056 3618 humiliabo
1071 3587 1080 3606 ·
1106 3557 1227 3640 portas
1246 3571 1347 3620 ereas
1372 3558 1558 3622 conteram
1576 3559 1615 3622 et
1633 3553 1750 3622 vedeo

414 3665 548 3736 ferreos
564 3662 788 3755 confringam
816 3700 824 3716 ·
842 3668 882 3730 ot
900 3657 993 3730 dabo
1009 3659 1078 3730 tibi
1096 3655 1282 3731 thesauros
1298 3657 1525 3734 absconditos
1541 3673 1580 3734 et
1596 3662 1751 3734 archana

415 3773 633 3848 secrotomm
650 3782 692 3844 vt
708 3769 797 3844 scias
814 3771 900 3864 quia
917 3793 985 3864 ego
1012 3771 1180 3844 dominus
1197 3774 1259 3866 qui
1278 3795 1366 3846 voco
1383 3795 1518 3846 nomen
1535 3783 1640 3848 tuum
1663 3777 1751 3846 deus

415 3886 550 3960 Israhel
575 3893 752 3979 propter
770 3882 912 3954 seruum
938 3903 1060 3953 meum
1085 3881 1195 3956 iacob
1220 3893 1260 3956 et
1277 3881 1412 3957 israhel
1435 3885 1589 3958 eie&um
1607 3908 1751 3958 meum·

415 4000 466 4072 Et
483 3998 610 4096 uocaui
626 4006 667 4069 te
682 3997 830 4068 nomine
847 4004 912 4065 tuo
928 3989 1129 4066 affimulnui
1146 4004 1185 4066 te
1203 4005 1242 4066 et
1258 4019 1332 4066 non
1348 3991 1546 4093 cognouisti
1562 4019 1623 4068 me
1640 4035 1649 4054 ·
1673 3995 1753 4092 Ego

415 4113 582 4185 dominus
599 4120 638 4183 et
655 4132 729 4181 non
746 4105 801 4180 est
816 4105 991 4200 amplius·
1009 4117 1115 4182 extra
1130 4130 1279 4180 menon
1297 4105 1352 4180 cst
1368 4108 1459 4182 deuo
1475 4151 1486 4167 ·
1503 4111 1645 4182 accinxi
1658 4118 1697 4182 te
1713 4121 1752 4180 et

414 4247 489 4298 non
513 4219 713 4320 cognouisti
737 4243 798 4292 me
819 4261 829 4278 ·
851 4229 893 4290 vt
917 4216 1032 4291 sciant
1057 4219 1094 4290 hi
1120 4221 1182 4314 qui
1198 4220 1245 4292 ab
1261 4231 1345 4294 ortu
1361 4217 1444 4293 solia
1461 4230 1500 4292 et
1517 4223 1578 4315 qui
1595 4221 1643 4294 ab
1659 4223 1753 4292 occi·

415 4339 526 4409 dente
544 4375 553 4394 ·
571 4335 742 4429 quoniam
756 4331 891 4426 absque
908 4355 968 4404 mo
983 4355 1058 4402 non
1075 4327 1129 4404 est
1146 4334 1235 4404 dena
1248 4372 1258 4390 ·
1272 4331 1351 4429 Ego
1367 4333 1534 4406 dominun
1551 4342 1591 4406 et
1608 4355 1681 4405 non
1699 4332 1752 4404 est

415 4449 530 4522 alter·
548 4449 708 4521 formano
725 4445 844 4517 lucem
862 4457 902 4516 et
918 4467 1044 4517 creans
1061 4445 1231 4517 tenebras
1248 4483 1257 4504 ·
1275 4445 1411 4518 faciens
1428 4467 1554 4539 pacem
1572 4455 1611 4518 et
1628 4467 1752 4516 ereans
