4050 5534
405 655 453 726 64
925 645 1232 720 REGISTRUM
1602 646 1754 742 [sucum

407 849 643 922 ministrando
668 853 772 921 iuxta
799 847 936 920 statuta
956 846 1066 940 usque
1092 849 1136 918 ad
1166 847 1361 917 terminum
1387 847 1433 918 ad
1459 870 1567 939 quem
1595 843 1648 918 est
1672 871 1758 919 con·

409 967 537 1036 (ludus
554 974 593 1034 et
610 961 674 1034 sub
693 986 785 1056 pena
803 965 907 1033 iuxta
923 963 1113 1032 arbitrium
1132 956 1353 1052 superiorum
1371 999 1379 1016 ·
1399 957 1496 1030 Item
1514 960 1611 1051 quod
1636 959 1757 1030 nullus

409 1075 507 1170 legat
533 1075 789 1169 euuangeliunr
816 1070 1004 1167 epistolam
1028 1071 1086 1142 vel
1117 1071 1310 1142 ledionem
1335 1093 1406 1162 que
1431 1094 1505 1141 nou
1531 1071 1755 1163 preuiderit·

409 1189 629 1259 contrarium
656 1188 791 1258 faciens
809 1186 867 1256 vel
892 1187 929 1254 iu
951 1184 1106 1278 legendo
1124 1180 1181 1252 vel
1199 1182 1380 1252 cautando
1398 1183 1561 1253 delicerit
1586 1185 1757 1275 puniatur

410 1301 513 1371 iuxta
530 1300 718 1370 arbitrium
736 1295 958 1389 superiorum
975 1305 1171 1387 antequam
1189 1303 1297 1365 exeat
1311 1296 1356 1365 de
1374 1295 1535 1387 capitulo
1552 1294 1629 1386 post
1647 1295 1756 1365 finem

410 1411 508 1481 illius
536 1411 624 1481 bore
653 1410 749 1501 quod
780 1412 915 1480 intrare
946 1408 1082 1478 debent
1116 1409 1153 1476 in
1184 1407 1286 1476 exitu
1317 1402 1509 1477 cuiussibet
1538 1406 1595 1476 vel
1629 1405 1756 1476 l'altem

410 1546 541 1616 magne
558 1517 657 1591 mille
682 1530 830 1614 propter
846 1517 1049 1590 huiusmodi
1068 1519 1230 1588 desectus
1255 1517 1500 1589 reformandos
1518 1559 1526 1576 ·
1546 1517 1643 1590 Item
1660 1520 1756 1611 quod

410 1634 585 1726 capellani
613 1655 685 1702 uon
705 1633 839 1703 vadant
865 1627 1009 1700 tnfimul
1027 1631 1072 1700 ad
1095 1625 1211 1700 missas
1238 1631 1409 1722 precipue
1426 1631 1487 1700 vbi
1505 1653 1597 1700 unus
1623 1632 1756 1723 poterit

410 1747 522 1817 alium
550 1745 724 1838 impedire
747 1740 802 1814 set
824 1767 914 1813 vnus
942 1743 1149 1834 expedtabit
1176 1741 1288 1812 alium
1308 1739 1416 1834 vsque
1442 1744 1487 1813 ad
1514 1743 1754 1814 eleuationem

410 1857 623 1929 sacramenti
638 1880 706 1926 nec
719 1855 849 1946 aliquis
862 1857 923 1947 qui
942 1855 1038 1924 horis
1051 1851 1219 1924 iuteresse
1233 1864 1380 1925 tenetur
1395 1855 1501 1925 vadat
1514 1856 1559 1925 ad
1577 1857 1754 1947 priuatam

411 1965 547 2040 missam
566 1979 729 2072 tempore
747 1990 818 2059 quo
836 1967 946 2037 debet
972 1962 1173 2036 ministrare
1191 1967 1227 2034 in
1246 1966 1355 2035 choro
1373 1965 1430 2036 vel
1449 1975 1595 2038 cantare
1613 2005 1621 2024 ·
1640 1968 1755 2058 etqui

411 2082 631 2153 contrarium
650 2081 776 2150 feccrit
793 2081 965 2172 puniatur
977 2073 1069 2147 sicut
1086 2075 1213 2148 absens
1230 2078 1267 2146 in
1283 2099 1413 2171 magna
1425 2079 1513 2148 hora
1527 2117 1535 2134 ·
1551 2077 1647 2149 Item
1661 2080 1755 2171 quod

411 2194 534 2264 nullus
558 2191 827 2284 capellanorum
855 2199 1024 2282 exportat
1052 2190 1161 2260 libros
1185 2189 1230 2259 de
1254 2189 1362 2260 choro
1389 2197 1493 2260 extra
1518 2191 1667 2260 chorum
1692 2188 1755 2260 sub

410 2329 505 2398 pena
532 2306 637 2374 vuius
668 2303 759 2373 libre
788 2325 871 2373 cere
900 2297 1050 2372 ecclesie
1080 2297 1317 2394 presentande
1345 2339 1353 2358 ·
1383 2300 1480 2371 Item
1508 2303 1604 2393 quod
1632 2323 1755 2372 omues

411 2416 644 2506 ebdomidarij
663 2423 768 2484 extra
785 2413 943 2484 officium
962 2409 1160 2483 existentes
1185 2412 1344 2482 habeant
1361 2413 1406 2483 ad
1424 2414 1544 2484 miuus
1567 2423 1624 2484 ter
1640 2415 1676 2485 in
1696 2413 1757 2484 eb-

411 2529 557 2598 domida
574 2525 755 2597 celebrare
781 2525 923 2617 priuate
941 2547 1005 2616 pro
1023 2523 1211 2594 animabus
1237 2521 1482 2617 episcoporum
1503 2527 1754 2596 canonicorum

411 2649 450 2711 et
468 2641 629 2708 omnium
648 2635 809 2706 fidelium
828 2634 1079 2706 defundorum
1095 2645 1133 2706 et
1147 2635 1205 2726 alij
1221 2635 1396 2728 capellani
1414 2637 1578 2729 perpetui
1596 2636 1755 2729 qualibet

412 2753 471 2821 die
488 2751 668 2844 legittima
686 2744 791 2818 causa
806 2743 962 2818 cessante
979 2747 1161 2817 celebrare
1178 2747 1314 2817 habent
1334 2756 1394 2816 ·et
1412 2769 1484 2817 non
1502 2749 1676 2819 facientes
1694 2771 1755 2841 pro

412 2862 572 2954 qualibet
590 2857 691 2930 milla
708 2855 831 2930 omissa
847 2858 905 2929 vel
923 2859 1089 2953 neglecta
1106 2855 1247 2928 soluent
1266 2897 1274 2916 ·
1293 2858 1342 2949 iiij
1359 2895 1367 2912 ·
1384 2855 1420 2928 d.
1438 2860 1482 2929 ad
1502 2860 1579 2951 pios
1597 2858 1677 2931 vsus
1694 2882 1757 2953 per

411 2976 576 3044 dominos
602 2974 648 3043 de
674 2971 834 3064 capitulo
860 2971 1125 3042 conuertendos
1142 3009 1151 3028 ·
1170 2966 1334 3040 similiter
1359 2971 1419 3061 qui
1446 2966 1581 3042 millam
1608 2972 1755 3064 capituli

414 3083 591 3180 [omittit]
616 3081 733 3153 soluet
759 3091 903 3152 tautum
925 3079 998 3152 smc
1016 3081 1136 3173 aliqua
1160 3077 1362 3152 remislione
1381 3121 1388 3136 ·
1408 3080 1505 3152 Item
1529 3085 1623 3174 quod
1651 3083 1757 3176 scrip·

412 3209 508 3268 tores
526 3198 732 3267 defettuum
751 3195 789 3263 in
807 3193 914 3264 cboro
932 3193 1091 3264 babeant
1107 3189 1175 3263 ista
1188 3193 1376 3287 explorare
1390 3190 1555 3264 accusare
1568 3205 1606 3266 et
1620 3197 1757 3266 denun-

411 3311 505 3380 ciare
523 3309 559 3377 in
579 3306 738 3398 capitulo
756 3300 847 3374 sicut
864 3304 953 3374 alios
971 3303 1160 3376 defcdlus·
1181 3303 1276 3374 Item
1295 3305 1391 3396 quod
1412 3305 1534 3376 nullus
1551 3307 1756 3400 capellanus

411 3420 656 3491 conducticias
677 3414 737 3486 seu
756 3426 952 3508 perpetuus
977 3416 1152 3508 percipiet
1170 3417 1207 3486 in
1226 3417 1410 3486 communi
1436 3416 1756 3490 anniuersariorum

410 3528 477 3602 nisr
495 3533 556 3623 qui
583 3530 790 3600 interfuerit
815 3529 853 3597 in
880 3530 1043 3619 exequiis
1064 3537 1172 3619 prout
1190 3527 1225 3596 in
1247 3547 1384 3596 emron
1402 3536 1440 3598 et
1458 3529 1495 3597 in
1513 3525 1614 3601 milla
1636 3533 1672 3601 iu
1695 3533 1757 3602 ba-

410 3644 509 3714 tibus
534 3639 837 3712 couuenientibus
864 3651 902 3709 et
929 3639 1193 3709 celebrauerint
1226 3640 1385 3730 priuatas
1416 3637 1532 3711 milles
1560 3638 1756 3714 secuudum

410 3756 660 3826 fundationem
678 3773 801 3820 eorum
820 3773 884 3842 pro
902 3751 1032 3842 quibus
1049 3750 1185 3821 suerint
1203 3751 1355 3841 exequie
1373 3790 1380 3807 ·
1400 3750 1497 3821 Item
1515 3754 1611 3844 quod
1632 3778 1756 3826 omues

410 3867 586 3960 capellani
600 3863 766 3957 perpetui
781 3872 975 3932 teneantur
988 3884 1119 3954 cappas
1133 3862 1260 3933 diebus
1273 3862 1319 3932 ad
1336 3862 1404 3933 hoc
1418 3866 1584 3956 congruis
1598 3865 1636 3934 iu
1649 3867 1756 3937 choro

410 3987 553 4072 portare
577 3987 614 4046 et
641 3974 729 4046 alias
756 3997 827 4042 non
854 3975 1054 4066 precipient
1079 3975 1115 4042 in
1140 3996 1333 4044 commune
1355 4013 1364 4030 ·
1388 3973 1484 4044 Item
1511 3977 1606 4067 quod
1632 4000 1756 4048 omnes

409 4088 585 4182 capellani
613 4086 761 4156 venient
790 4084 916 4154 diebus
947 4080 1142 4155 sabbatinis
1169 4086 1214 4156 ad
1242 4085 1442 4178 capitulum
1468 4097 1508 4158 vt
1534 4087 1584 4158 ibi
1610 4088 1756 4161 videant

410 4223 536 4272 omnes
559 4198 720 4268 descetus
738 4205 884 4266 notatos
910 4195 1022 4267 letius
1039 4207 1078 4266 et
1095 4198 1242 4288 punitos
1260 4219 1330 4266 rna
1347 4219 1431 4267 cum
1457 4198 1582 4269 tabula
1599 4211 1637 4270 et
1653 4198 1757 4293 super

410 4312 636 4382 ordinatione
653 4303 802 4378 ecclesie
820 4305 1012 4378 ebdomide
1029 4309 1151 4378 future
1165 4349 1173 4366 ·
1189 4319 1227 4378 et
1242 4331 1311 4376 non
1329 4308 1477 4378 veniens
1494 4305 1560 4379 nisr
1577 4310 1756 4404 legittime

410 4421 600 4494 excusatus
618 4421 790 4512 puniatur
802 4420 840 4488 in
855 4458 863 4475 ·
880 4420 912 4510 vj
928 4458 936 4474 ·
952 4415 988 4487 d.
1007 4413 1082 4488 fine
1100 4413 1302 4489 remissione
1319 4441 1387 4490 nec
1404 4420 1572 4490 audiatur
1588 4422 1624 4491 iu
1642 4419 1759 4515 poste-

410 4554 490 4606 rum
509 4533 614 4602 iuxta
631 4526 767 4599 statuta
783 4529 883 4621 prius
900 4539 1027 4600 notata
1041 4529 1145 4624 super
1158 4527 1389 4601 excusatione
1403 4530 1555 4602 alicuius
1573 4532 1755 4606 defectus·
