4050 5534
419 604 489 670 124
714 592 1021 668 REGISTRUM
1058 591 1465 666 ABERDONENSE.

418 795 535 869 surum
552 790 827 868 ecclesiasticum
856 792 1115 888 compescendo
1134 833 1142 850 ·
1166 801 1204 864 et
1221 791 1366 886 insuper
1390 794 1557 866 omnibus
1584 795 1763 888 officiarij·

418 911 513 1004 regis
539 919 576 980 et
602 904 762 1002 personis
791 907 872 1001 elijs
897 904 1170 999 quibuscunque
1201 906 1238 976 in
1266 904 1355 978 locis
1382 904 1536 1000 publicis
1562 909 1607 979 de
1633 909 1763 1001 quibus

419 1021 522 1092 vobis
551 1021 733 1092 videbitur
759 1021 885 1092 cadem
911 1019 1127 1090 austeritate
1144 1017 1338 1090 inhibeatis
1364 1041 1411 1090 ne
1441 1019 1537 1092 boue
1560 1017 1763 1092 huiusmodi

421 1129 666 1228 episcoporum
696 1127 744 1203 sic
773 1131 1055 1203 decendentium
1090 1138 1154 1202 eut
1183 1128 1320 1222 eliquid
1354 1154 1400 1202 ex
1434 1132 1486 1202 eis
1519 1134 1680 1226 recipere
1706 1131 1763 1202 vel

420 1268 595 1338 occupare
620 1241 828 1337 presumunt
852 1241 918 1313 sub
944 1265 1038 1335 pene
1064 1243 1446 1314 excommunicationis
1467 1267 1575 1336 quum
1593 1239 1621 1314 fi
1637 1255 1764 1315 contra

421 1353 895 1430 inhibitionembuiusmodi
919 1353 1055 1447 aliquid
1079 1355 1233 1426 fecerint
1249 1352 1324 1448 ipsc
1341 1355 1436 1428 fatto
1453 1357 1638 1429 incurrunt
1656 1383 1678 1428 n
1694 1380 1765 1451 que

423 1479 668 1565 preterquam
685 1469 723 1538 in
741 1469 867 1538 mortis
892 1466 1045 1539 articulo
1071 1467 1116 1538 eb
1142 1466 1213 1538 alic
1240 1490 1347 1560 quam
1365 1491 1387 1541 u
1405 1468 1569 1567 Romano
1594 1469 1765 1564 pontifice

421 1578 486 1652 nisi
504 1581 597 1653 infru
618 1577 777 1652 mensem
795 1579 841 1651 de
858 1580 1013 1672 receptis
1031 1590 1070 1650 et
1087 1581 1270 1674 occupetis
1296 1603 1360 1674 per
1376 1602 1438 1652 eos
1455 1603 1502 1652 ex
1519 1583 1623 1653 bonis
1648 1579 1767 1675 supru-

425 1695 529 1770 diuis
546 1695 687 1786 integre
713 1689 927 1764 sutiffacient
953 1687 1216 1762 absolutionem
1234 1715 1306 1764 non
1323 1692 1469 1766 valeant
1485 1694 1650 1766 obtinere
1666 1732 1674 1749 ·
1693 1718 1765 1766 non

425 1804 592 1878 obstante
619 1801 645 1874 fi
675 1804 855 1897 aliquibus
882 1806 1125 1876 communiter
1154 1803 1211 1876 vel
1243 1800 1383 1876 diuisum
1414 1829 1436 1876 e
1463 1802 1547 1877 sede
1575 1802 1769 1900 apostolice

425 1917 610 1990 indultum
651 1913 783 1988 existet
821 1917 926 2010 quod
954 1916 1122 1987 interdici
1157 1912 1324 2011 suspendi
1367 1915 1425 1988 vel
1463 1921 1767 1991 excommunicari

424 2039 489 2102 aut
507 2031 676 2101 ciuitates
694 2029 825 2122 oppidu
850 2023 989 2100 cuustra
1006 2037 1045 2100 et
1062 2027 1142 2100 loce
1158 2051 1283 2101 eorum
1311 2024 1549 2102 ecclesiastico
1575 2031 1766 2102 interdicto

425 2141 575 2236 supponi
592 2164 666 2212 neu
692 2137 834 2235 pessunt
850 2164 916 2234 per
932 2140 1072 2212 litteras
1097 2138 1309 2235 apostolicas
1333 2164 1405 2212 non
1423 2141 1597 2214 incientes
1621 2143 1767 2237 plenem

426 2264 465 2327 et
491 2250 688 2348 expressum
705 2277 748 2326 cc
764 2255 810 2326 de
836 2253 945 2326 verbo
962 2255 1007 2326 ud
1026 2254 1174 2324 verbum
1201 2253 1246 2324 de
1271 2253 1414 2324 induite
1439 2251 1642 2326 huiusmodi
1667 2278 1769 2326 men-

426 2370 563 2439 tionem
581 2407 590 2424 ·
610 2365 748 2439 Datum
766 2366 951 2438 Aninioue
973 2363 1100 2438 Idibus
1116 2365 1141 2437 J
1143 2366 1278 2460 cnuurij
1297 2366 1528 2460 pontificatus
1546 2363 1655 2438 nostri
1672 2391 1768 2440 enno

427 2479 583 2550 secundo
600 2517 609 2536 ·
