4050 5534
438 645 511 712 230
955 629 1261 708 REGISTRUM
1622 633 1773 730 [secum

436 851 539 933 parte
580 839 650 909 vici
683 833 842 908 eiusdem
875 835 972 910 inter
1003 843 1139 905 terram
1173 830 1353 904 Willelmi
1389 831 1485 926 Myll
1519 856 1566 904 ex
1608 835 1772 908 orientali

438 962 477 1022 et
494 963 626 1022 terram
644 947 795 1020 Henrici
822 944 957 1020 Forbee
974 969 1021 1019 ex
1039 943 1254 1018 occidentali
1278 984 1286 1001 ·
1314 943 1365 1018 Et
1390 967 1501 1017 vnum
1518 968 1680 1018 annuum
1697 948 1774 1020 red·

439 1064 555 1134 ditum
584 1063 609 1156 ij
640 1062 669 1133 i.
701 1061 746 1131 de
779 1059 852 1132 illie
883 1060 1021 1134 duabus
1054 1057 1239 1152 pertinatia
1272 1067 1447 1130 terrarum
1481 1055 1630 1130 Andree
1664 1057 1773 1154 Kelly

437 1173 637 1246 iacentibus
663 1173 755 1244 infre
779 1172 914 1246 diitum
937 1171 1090 1265 burgum
1117 1169 1163 1242 de
1180 1167 1317 1241 Kintor
1342 1193 1494 1262 quarum
1517 1193 1588 1244 vnn
1604 1173 1699 1244 iacet
1728 1196 1773 1244 ex

439 1282 584 1358 australi
609 1295 713 1381 parte
742 1285 829 1356 diui
862 1284 968 1382 burgi
994 1285 1091 1355 inter
1119 1291 1253 1354 terrem
1283 1279 1469 1376 hospitalis
1498 1280 1607 1354 seniti
1638 1283 1773 1356 'l'home

439 1399 597 1470 martirio
626 1398 672 1469 de
700 1395 887 1470 Abirdene
914 1419 961 1470 ex
988 1393 1156 1467 orientali
1185 1401 1223 1465 et
1253 1403 1366 1466 terrae
1393 1393 1568 1466 heredum
1593 1399 1772 1490 quondam

440 1505 599 1606 Fergufij
618 1507 812 1603 Philpsone
825 1531 872 1580 ex
890 1505 1106 1582 occidentali
1132 1547 1141 1562 ·
1161 1515 1200 1578 et
1216 1505 1332 1578 eltera
1348 1506 1443 1577 iacet
1459 1530 1506 1578 ex
1524 1508 1650 1578 eadem
1673 1521 1773 1602 parte

439 1619 597 1694 eiusdem
624 1621 729 1717 burgi
757 1622 855 1692 inter
878 1627 992 1694 terrae
1021 1617 1198 1690 lohannie
1215 1615 1326 1690 Kelle
1352 1640 1398 1688 ex
1423 1619 1589 1691 orientali
1606 1629 1646 1692 et
1662 1630 1773 1694 terras

438 1736 522 1806 dieti
555 1731 738 1828 hospitalis
771 1755 818 1804 ex
852 1729 1099 1805 occidentali·
1124 1727 1222 1801 Item
1254 1751 1367 1800 vnum
1399 1753 1561 1801 annuum
1594 1733 1773 1805 redditum

437 1871 489 1918 xx
515 1848 545 1918 ἔ.
565 1849 746 1919 iacentem
774 1845 868 1918 infra
896 1845 1053 1939 burgum
1076 1841 1122 1914 de
1151 1840 1338 1914 Abirdene
1360 1839 1405 1912 de
1430 1850 1527 1914 terra
1551 1843 1688 1916 domini
1712 1845 1773 1918 Jo-

437 1961 565 2030 hannie
592 1958 808 2030 Ruthirfurd
837 1957 966 2029 militie
988 1957 1027 2027 in
1050 1955 1131 2027 vico
1156 1953 1328 2047 superiori
1364 1949 1513 2026 ecclesie
1547 1979 1594 2028 ex
1629 1955 1773 2032 australi

436 2080 539 2165 parte
564 2067 724 2142 eiusdem
740 2070 811 2140 vici
836 2071 934 2140 inter
957 2079 1091 2140 terram
1116 2065 1295 2138 Recherdi
1313 2064 1450 2139 Weuse
1474 2090 1521 2138 ex
1546 2071 1713 2143 orientali
1737 2083 1774 2144 et

437 2191 635 2254 torrentem
662 2191 701 2253 et
729 2180 971 2274 cquedultum
994 2179 1284 2251 molendinorum
1309 2176 1587 2252 descendentem
1611 2205 1658 2254 ex
1684 2187 1776 2257 occi·

437 2297 548 2366 dente
574 2303 614 2366 et
640 2302 773 2366 terrem
798 2294 979 2386 quondum
1004 2290 1142 2364 Thome
1168 2289 1322 2364 (lullane
1352 2289 1472 2364 versus
1497 2289 1657 2366 austrum
1686 2335 1694 2352 ·
1726 2297 1776 2370 Et

437 2430 549 2479 vnum
572 2427 733 2478 annuum
758 2405 940 2478 redditum
975 2426 1027 2474 xx
1047 2404 1077 2475 ἓ.
1102 2403 1267 2476 deterre
1292 2404 1473 2497 quondam
1497 2403 1676 2479 lohannia
1692 2408 1776 2482 col-

360 2541 367 2554 ·
437 2517 549 2592 lisone
587 2521 730 2590 iacente
762 2520 802 2590 in
835 2518 930 2589 dico
964 2517 1079 2612 burgo
1110 2516 1156 2587 de
1186 2513 1372 2588 Abirdene
1407 2516 1446 2586 in
1479 2517 1559 2588 vico
1595 2518 1775 2593 furcarum

437 2657 484 2704 ex
511 2629 679 2703 orientali
705 2637 808 2725 parte
833 2625 993 2701 eiusdem
1017 2629 1087 2699 vici
1112 2629 1208 2700 inter
1232 2636 1365 2700 terrum
1391 2630 1572 2720 quondam
1596 2627 1775 2706 Willelmi

437 2743 597 2838 Oantuly
612 2765 659 2815 ex
679 2752 782 2836 parte
806 2739 951 2814 australi
968 2751 1007 2812 et
1024 2738 1203 2813 Recherdi
1221 2739 1287 2812 Hil
1305 2763 1352 2812 ex
1368 2739 1495 2812 borieli
1511 2751 1551 2813 et
1567 2765 1776 2818 communes

436 2859 512 2928 viae
528 2856 644 2950 regiae
660 2849 781 2926 uersus
797 2853 916 2925 oriens
932 2861 972 2924 et
988 2852 1157 2925 occidens
1174 2889 1183 2908 ·
1201 2851 1252 2924 Et
1269 2875 1381 2924 vnum
1407 2875 1566 2926 annuum
1593 2857 1774 2930 redditum

436 2994 461 3040 r
489 2971 519 3040 ἔ.
544 2969 591 3039 de
616 2967 745 3040 eodem
774 2965 890 3060 burgo
913 2964 959 3036 de
981 2972 1194 3037 tenemento
1217 2965 1398 3058 quondam
1426 2963 1607 3038 Willelmi
1632 2967 1773 3043 Ander-

436 3081 521 3154 sone
550 3081 588 3151 in
614 3080 695 3150 vico
728 3077 887 3149 inferiori
922 3071 1072 3148 ecclesie
1111 3099 1158 3150 ex
1197 3075 1343 3150 australi
1377 3087 1481 3171 perte
1515 3078 1676 3154 eiusdem
1705 3085 1771 3155 vici

435 3197 532 3264 inter
557 3201 692 3264 terrem
717 3191 898 3283 quondum
915 3189 1036 3261 Dauid
1055 3187 1230 3284 Symsone
1255 3212 1301 3262 ex
1327 3189 1542 3263 occidentali
1559 3199 1597 3264 et
1614 3217 1773 3267 commu-

436 3327 521 3376 nem
538 3307 634 3376 viam
650 3303 787 3397 regiam
811 3324 859 3373 ex
884 3301 1052 3374 orientali
1077 3311 1115 3374 et
1140 3309 1340 3374 torrentem
1356 3326 1379 3374 a
1395 3303 1575 3376 condustu
1599 3305 1773 3380 molendi-

437 3439 565 3488 norum
588 3413 867 3508 descendentem
884 3409 1006 3485 uersus
1031 3411 1190 3488 austrum
1211 3423 1249 3486 et
1273 3437 1503 3488 communem
1523 3418 1619 3490 viam
1639 3423 1770 3515 regiam

436 3527 558 3601 versuo
573 3529 730 3598 borium·

537 3639 576 3712 N
578 3649 639 3712 ota
655 3640 750 3732 quod
768 3661 894 3710 omnee
909 3637 1095 3736 prescripti
1113 3641 1223 3713 cnnui
1240 3641 1401 3712 redditus
1427 3651 1604 3714 terrarum
1628 3641 1712 3718 sunt
1728 3647 1772 3718 de

536 3751 647 3824 fundo
674 3760 850 3824 terrarum
875 3750 1148 3847 prescriptorum
1174 3763 1281 3847 prout
1307 3751 1420 3824 lacius
1445 3762 1570 3847 puteat
1599 3757 1638 3828 in
1667 3761 1772 3831 curtis

536 3862 687 3959 desuper
702 3859 895 3937 confodis·

463 4188 618 4262 Rentcle
634 4208 834 4261 annuorum
851 4186 1060 4258 reddituum
1076 4188 1337 4282 pertinentium
1354 4189 1458 4262 alteri
1475 4187 1587 4264 sensti
1600 4189 1749 4264 Andree

748 4301 787 4370 in
804 4294 955 4371 ecclesia
976 4298 1174 4372 cathedrali
1191 4298 1433 4376 Abirdenensr
1452 4346 1460 4363 ·

487 4413 533 4484 In
550 4413 673 4507 primis
689 4413 729 4482 in
745 4411 895 4502 entique
911 4410 957 4482 de
972 4419 1184 4484 tenemento
1211 4410 1363 4486 Roberti
1380 4413 1544 4487 Blinseill
1570 4417 1712 4488 iacente
1735 4417 1773 4486 in

439 4525 499 4596 via
524 4520 629 4596 castri
662 4524 767 4618 burgi
796 4523 842 4595 de
870 4521 1058 4596 Abirdene
1086 4525 1182 4596 iuter
1209 4531 1343 4598 terram
1373 4524 1553 4600 Willelmi
1583 4527 1696 4600 Retro
1726 4549 1773 4600 ex
