4050 5534
218 659 316 755 x111.]
677 661 1080 736 ABERDONENSE.

485 970 597 1044 XIII.
624 973 682 1045 De
698 970 939 1046 mansrouibus
955 974 1248 1047 beneficiatorum
1268 1017 1275 1030 ·

219 1196 418 1269 Statuimus
435 1199 545 1269 etiam
563 1199 657 1291 quod
675 1196 835 1291 quelibet
852 1195 1001 1272 ecclesia
1017 1195 1238 1271 mausronem
1255 1197 1413 1292 aliquam
1438 1223 1550 1295 prope

219 1305 397 1381 eeclesiam
417 1309 548 1380 babeat
564 1312 602 1380 in
615 1332 687 1402 qua
698 1307 882 1407 episcopus
894 1308 969 1384 srue
985 1311 1255 1382 archidiaconns
1272 1309 1422 1384 honeste
1438 1315 1549 1407 recipi

220 1421 333 1493 valeat
357 1444 467 1514 quam
492 1421 715 1494 decernimus
740 1424 833 1496 infra
857 1445 991 1496 annum
1008 1422 1141 1494 debere
1164 1421 1242 1494 fieri
1259 1462 1268 1478 ·
1286 1431 1362 1494 tem
1384 1420 1549 1518 expensis

218 1530 443 1626 personarum
460 1557 567 1626 quam
584 1535 796 1607 vicariorum
813 1558 877 1628 pro
895 1544 973 1608 rata
988 1532 1130 1606 suarum
1153 1535 1359 1626 portionum
1376 1573 1385 1590 ·
1403 1532 1550 1608 Susten-

220 1647 306 1718 tatio
340 1655 464 1718 autem
497 1647 685 1718 domorum
716 1643 852 1741 speum
885 1648 929 1720 ed
964 1646 1136 1718 ricarium
1170 1669 1252 1717 cum
1287 1646 1419 1719 habeat
1448 1645 1550 1720 vsum

220 1781 337 1830 sarum
369 1767 407 1829 et
436 1759 664 1830 commodum
694 1767 732 1830 et
760 1760 805 1830 ud
834 1761 903 1832 hoc
929 1783 993 1854 per
1021 1753 1338 1849 sequestrationem
1368 1760 1549 1832 fruduum

219 1867 444 1944 ecolesrarum
461 1871 698 1965 compellatur
715 1913 723 1930 ·

364 2093 498 2166 x1111.
525 2083 630 2180 Quod
647 2097 732 2168 noui
750 2092 875 2168 census
891 2119 964 2167 non
982 2098 1213 2189 imponantur
1229 2093 1378 2167 ecclesie
1396 2137 1405 2152 ·
1504 2203 1507 2206 .

221 2319 420 2392 Statuimus
444 2321 554 2393 etiam
575 2321 670 2413 qnod
695 2321 781 2391 noui
806 2313 932 2391 census
957 2315 1114 2412 ecclesrjs
1139 2328 1203 2391 eut
1221 2321 1360 2413 vicarijs
1386 2344 1459 2392 nou
1483 2323 1551 2392 im-

220 2437 395 2525 ponuntur
420 2455 487 2504 neo
512 2434 650 2525 antiqui
680 2429 804 2504 census
831 2441 1031 2526 augeantur
1053 2441 1092 2501 et
1113 2427 1141 2502 sr
1166 2429 1268 2502 secus
1294 2433 1413 2504 adeum
1441 2433 1552 2506 suerit

221 2540 411 2616 seeundum
424 2541 664 2616 Lateraneuse
682 2542 873 2616 concilium
891 2545 1079 2614 irritentur
1090 2552 1130 2614 et
1143 2541 1395 2636 delinquentes
1413 2546 1450 2615 in
1468 2543 1552 2617 tali-

221 2657 284 2728 bus
301 2667 407 2752 prout
424 2652 555 2728 iustum
572 2656 681 2727 suerit
698 2656 894 2750 punientur
912 2698 921 2714 ·

588 2878 676 2955 XV.
703 2879 761 2950 De
778 2878 925 2950 Clericis
943 2879 1148 2949 ordinandis
1167 2918 1175 2934 ·

220 3105 279 3178 Ad
303 3108 370 3180 heo
388 3102 576 3179 statuimus
593 3105 688 3198 quod
713 3102 835 3175 nullus
860 3101 1044 3198 episcopus
1068 3101 1218 3173 clericos
1234 3101 1280 3173 de
1297 3099 1437 3195 dyocesi
1462 3102 1552 3175 alte·

221 3221 291 3290 rius
315 3216 469 3314 episcopi
492 3217 537 3290 ad
560 3217 701 3288 ordines
728 3217 885 3286 maxime
906 3212 1022 3288 sacros
1046 3210 1122 3285 srue
1148 3213 1281 3285 litteris
1308 3214 1475 3308 ordinarij
1498 3214 1551 3288 sui

221 3331 276 3403 rel
294 3332 371 3404 eius
388 3329 547 3401 officialis
563 3329 733 3401 admittat
751 3367 759 3385 ·
778 3327 898 3399 clerici
915 3335 1039 3400 autem
1056 3321 1287 3398 trauffiuntes
1299 3325 1358 3398 vel
1375 3329 1490 3421 ignoti
1505 3329 1551 3400 ad

219 3443 361 3515 nullum
384 3441 540 3513 officium
566 3435 840 3513 ecclesiasticum
861 3433 934 3510 srne
957 3437 1089 3510 litteris
1115 3438 1419 3532 commendatitijs
1445 3443 1553 3512 certis

220 3557 483 3628 admittantur·
504 3562 544 3624 et
560 3547 587 3623 fi
604 3548 679 3623 sme
696 3545 904 3623 admissione
929 3547 1085 3644 episcopi
1104 3549 1264 3621 officialis
1289 3550 1552 3624 archidiachoni

219 3668 257 3739 iu
282 3662 440 3740 ecclesiis
463 3663 723 3758 parochialibus
746 3660 809 3734 seu
834 3661 980 3757 capellis
996 3659 1034 3734 se
1051 3662 1183 3734 diuinis
1207 3657 1452 3732 inmiscueriut
1477 3661 1551 3756 ipso

219 3781 312 3852 fauo
329 3775 401 3850 sint
416 3771 570 3872 suspensr
588 3817 597 3834 ·
615 3775 677 3847 Ad
698 3775 765 3846 heo
791 3771 981 3847 statuimus
1006 3775 1102 3867 quod
1127 3771 1281 3866 quilibet
1307 3769 1467 3844 sacerdos
1490 3772 1551 3846 seu

219 3893 370 3966 clericus
386 3890 432 3962 ad
448 3888 659 3985 religionem
675 3882 863 3959 trenffiens
887 3887 1019 3960 babeat
1035 3884 1191 3958 annuale
1206 3883 1310 3956 suum
1328 3878 1419 3956 sicut
1437 3895 1475 3956 et
1491 3887 1552 3979 alij

219 4006 281 4100 qui
298 4007 336 4077 in
354 4001 512 4074 Domino
529 4002 732 4074 moriuntur
749 4043 757 4060 ·

507 4223 616 4298 XVI.
642 4223 701 4297 De
717 4221 968 4297 consessoribus
985 4219 1245 4295 constituendis
1262 4258 1271 4274 ·

218 4453 326 4540 Quod
352 4453 391 4522 in
415 4451 569 4544 quodam
591 4449 743 4522 concilio
768 4445 944 4522 statutum
967 4444 1021 4522 est
1042 4445 1280 4541 approbantes
1305 4439 1495 4517 statuimus
1516 4457 1555 4523 vt

218 4559 479 4662 perqnoslibet
495 4563 690 4637 decanatus
705 4563 902 4658 prudentes
920 4563 985 4634 viri
1003 4570 1042 4632 et
1070 4557 1195 4631 fideles
1212 4553 1478 4631 constituantur
1493 4584 1557 4653 per

269 4698 354 4751 vor..
374 4697 416 4749 11.
875 4695 898 4744 a
