4050 5534
243 667 343 762 suu]
710 670 1116 744 ABERDONENSE.
1540 680 1583 746 41

244 868 420 956 prebenda
433 870 478 940 de
491 869 853 964 Banchorydeuenyk
866 907 874 926 ·
887 869 1041 941 Decimo
1054 869 1238 963 prebenda
1251 871 1296 941 de
1308 869 1425 964 Owyn
1438 911 1446 928 ·
1458 871 1586 944 Vnde-

242 980 329 1050 cimo
342 981 526 1072 prebenda
538 980 817 1054 Archidiaconi·
832 981 1060 1054 Duodecimo
1072 981 1258 1074 prebenda
1271 983 1316 1052 de
1330 982 1414 1053 Clat
1426 1021 1435 1038 ·
1445 982 1584 1054 Tertio-

242 1091 376 1161 decimo
402 1093 587 1186 prebenda
603 1095 648 1165 de
666 1093 879 1164 Murthlacb
898 1133 906 1150 ·
925 1117 1010 1166 cum
1036 1095 1140 1164 toftis
1157 1102 1196 1164 et
1214 1095 1338 1165 croftis
1361 1090 1451 1165 srcut
1469 1097 1506 1165 in
1524 1096 1583 1166 die

242 1199 408 1292 presentis
426 1205 661 1276 ordinationis
678 1205 884 1277 habuerunt
902 1217 940 1276 et
957 1203 1188 1298 possederunt
1206 1243 1214 1259 ·

606 1427 664 1500 De
681 1429 913 1500 immunitate
930 1430 1185 1500 canonicorum
1204 1469 1212 1486 ·

240 1649 451 1722 Statuentes
465 1661 505 1722 vt
518 1674 644 1722 omnes
662 1653 827 1724 canonici
845 1653 1027 1722 immunes
1041 1647 1110 1723 lint
1128 1653 1164 1722 in
1182 1659 1398 1745 perpetuum
1412 1676 1435 1722 a
1447 1650 1581 1745 presta·

238 1764 334 1834 tione
359 1765 581 1835 decimarum
600 1774 761 1835 ortorum
780 1749 1019 1858 virgultorum
1038 1773 1077 1834 et
1094 1764 1290 1834 croftorum
1308 1765 1346 1832 in
1364 1765 1515 1836 ciuitate
1534 1768 1579 1837 de

238 1873 407 1948 Aberdon
421 1913 430 1931 ·
443 1876 596 1946 firmiter
612 1876 819 1947 inhibentes
837 1898 882 1946 ne
900 1877 937 1946 in
956 1871 1138 1968 posterum
1155 1873 1358 1945 huiusmodi
1377 1874 1517 1948 decime
1532 1879 1578 1949 ab

237 1985 353 2079 aliquo
371 1989 416 2059 de
434 1999 556 2059 cetero
573 1989 792 2082 exigantur·

373 2209 431 2281 De
449 2207 677 2303 dispositione
694 2211 958 2303 prebendarum
976 2219 1014 2280 et
1033 2210 1078 2279 de
1095 2208 1272 2279 electione
1290 2209 1438 2280 decani·

236 2432 292 2503 Ad
319 2433 386 2504 hec
409 2444 533 2504 autem
559 2434 756 2504 ordinando
783 2430 974 2504 statuimus
992 2433 1088 2524 quod
1112 2432 1150 2501 in
1171 2429 1321 2503 ecclesia
1338 2432 1384 2502 de
1400 2433 1575 2504 Aberdon

235 2544 385 2635 quilibet
415 2543 600 2639 episcopus
634 2568 759 2616 omnes
788 2543 997 2638 personatus
1027 2542 1339 2614 archidiaconatus
1368 2554 1407 2613 et
1436 2549 1575 2618 'ceteras

234 2657 431 2747 prebendas
457 2679 542 2728 cum
569 2658 778 2728 vacauerint
807 2656 920 2727 libere
947 2653 1081 2746 absque
1109 2653 1261 2725 alicuius
1288 2655 1574 2728 contradictione

233 2765 389 2858 personis
413 2768 563 2862 ydoneis
585 2770 776 2839 caritatiue
800 2767 919 2838 valeat
942 2765 1106 2838 conferre
1129 2776 1284 2858 excepto
1304 2764 1379 2837 solo
1397 2768 1576 2840 decanatu

232 2879 273 2950 ad
299 2903 409 2972 quem
437 2903 520 2951 cum
537 2881 720 2952 vacauerit
745 2881 909 2950 canonici
935 2900 1061 2948 omnes
1078 2877 1136 2947 vel
1162 2879 1277 2948 maior
1300 2899 1382 2969 pars
1399 2889 1438 2949 et
1458 2877 1576 2950 sanior

232 2995 346 3062 virum
371 2992 553 3084 ydoneum
579 2993 751 3063 canonice
772 2991 910 3085 eligant
927 2989 987 3061 vel
1011 2987 1222 3082 postulent·
1239 2990 1342 3059 cuius
1367 2988 1574 3062 electiores
1588 3008 1808 3067 manducant

231 3101 426 3194 postulacio
444 3100 470 3173 sr
488 3104 598 3175 fuerit
623 3106 796 3175 canonica
812 3113 851 3173 et
868 3099 1019 3194 persona
1040 3095 1150 3193 ipfius
1176 3098 1280 3170 eletti
1302 3100 1412 3170 fuerit
1434 3102 1575 3194 ydonea

232 3237 300 3305 que
316 3225 420 3286 tante
438 3226 612 3308 congruat
630 3217 799 3309 dignitati
818 3223 856 3284 ct
872 3214 999 3284 honori
1018 3212 1064 3284 ab
1081 3209 1247 3304 episcopo
1263 3211 1498 3282 confirmetur
1513 3213 1576 3284 ad·

230 3329 398 3399 mittetur
415 3339 453 3398 et
470 3325 665 3421 peripsum
683 3327 741 3397 vel
759 3327 916 3419 aliquem
938 3325 1152 3395 canonicum
1170 3324 1216 3393 de
1233 3322 1392 3415 capitulo
1410 3326 1466 3393 cui
1485 3325 1576 3419 epis-

231 3461 339 3530 copus
362 3440 431 3510 hoc
449 3440 651 3511 decreuerit
676 3437 968 3510 demandandum
991 3436 1029 3506 in
1056 3435 1165 3505 choro
1190 3431 1394 3505 installetur
1414 3444 1453 3506 et
1473 3435 1574 3508 locus

231 3550 267 3617 in
284 3549 445 3642 capitulo
462 3545 658 3644 assignetur
673 3547 824 3644 prestito
846 3549 945 3642 prius
962 3547 1007 3618 ab
1025 3545 1154 3616 eodem
1172 3541 1346 3636 solempni
1371 3546 1574 3618 iuramento
1586 3566 1787 3625 iuramentum

230 3661 415 3732 fidelitatis
438 3661 484 3732 ab
507 3660 582 3755 ipso
601 3663 646 3734 de
664 3659 916 3733 conseruandis
934 3668 973 3728 et
990 3657 1229 3728 defendendis
1253 3652 1574 3730 consuetudinibus

229 3773 365 3844 iuribus
382 3781 421 3844 et
438 3773 668 3844 libertatibus
685 3768 834 3844 ecclesie
851 3778 1068 3865 prenotate·

376 3995 435 4067 Dc
452 3998 634 4068 canonicis
653 3997 874 4068 intrantibus
901 3993 1116 4088 recipiendis
1133 4014 1199 4084 per
1217 3992 1394 4061 decanum
1413 4031 1421 4046 ·

226 4219 347 4290 Ceteri
374 4241 460 4290 vero
485 4222 649 4292 canonici
679 4215 888 4313 personatus
918 4216 1095 4287 habentes
1124 4224 1163 4285 et
1192 4213 1393 4306 prebendas
1421 4223 1573 4304 optenta

225 4327 450 4403 concellione
467 4329 621 4424 episcopi
642 4354 707 4425 per
723 4327 838 4424 ipsum
856 4329 1032 4399 decanum
1050 4326 1096 4396 ad
1113 4325 1326 4396 mandatum
1353 4321 1507 4416 episcopi
1533 4329 1571 4396 iu

226 4443 334 4514 choro
360 4439 591 4514 installentur
607 4453 645 4516 et
663 4443 763 4514 locus
780 4443 819 4511 in
836 4438 995 4533 capitulo
1021 4432 1218 4530 affignetur
1243 4436 1341 4526 prius
1358 4459 1442 4506 cum
1463 4447 1571 4510 textu

228 4554 416 4650 evangelij
442 4557 624 4628 canonicis
649 4550 886 4648 psallentibus
912 4547 1090 4643 psalmum
1107 4546 1212 4618 Ecce
1230 4567 1340 4624 ausu
1368 4568 1504 4619 nouum
1523 4570 1570 4622 nr

276 4687 358 4738 VOL.
379 4689 421 4738 11.
885 4683 907 4732 F
