4050 5534
552 1756 618 1856 to
644 1759 832 1858 nomint
857 1757 1043 1858 uomitu
1069 1762 1229 1860 notui
1255 1763 1379 1862 mo
1409 1761 1609 1874 utnon.

415 1920 689 2036 &etatulam
714 1923 768 2018 ot
796 1930 998 2038 temporo
1017 1929 1059 2020 tt
1077 1924 1131 2020 ot
1150 1927 1332 2026 nouato
1355 1987 1370 2016 .
1397 1930 1456 2028 uu
1477 1925 1749 2038 rationulis

498 2084 676 2182 rttlrut
689 2083 1038 2184 autonomon&
1057 2085 1201 2184 tuom
1220 2108 1273 2187 ut
1293 2090 1665 2190 cantoranum

616 2268 696 2364 ou
713 2251 827 2347 root
855 2231 1073 2345 cirtulom
1100 2246 1310 2352 ututuuru
1338 2315 1353 2344 .
1383 2252 1556 2368 tatuit

929 2579 1196 2590 ————-·—-

510 2785 770 2870 mortuum
795 2785 837 2872 in
863 2785 1034 2880 dorsuo
1060 2791 1175 2892 outo
1200 2803 1245 2874 or
1268 2787 1457 2876 nominoe
1481 2787 1670 2874 uouiouu

535 2938 720 3022 oautuuu
734 2935 905 3026 nonar
921 2938 1139 3044 ruizorum
1155 2939 1449 3029 utortootottu
1465 2957 1525 3025 ou
1541 2941 1626 3028 tot

591 3091 682 3176 ferit
705 3090 929 3194 enmono
952 3107 1057 3178 auto
1083 3093 1251 3180 nomint
1273 3091 1575 3193 nummii.

811 3430 1302 3528 [DoumrcaAnunurus·]

529 3659 672 3731 Lacrro
691 3679 869 3730 arrsrom:
887 3679 1000 3734 naam
1019 3659 1142 3732 Pium
1159 3681 1336 3734 arosronr
1355 3681 1406 3732 an
1424 3659 1634 3733 Romanos·

463 3885 607 3957 Fratres
624 3883 775 3955 seientes
792 3884 876 3974 quia
892 3883 980 3954 hora
997 3880 1050 3955 est
1067 3886 1139 3956 iarn
1156 3907 1221 3956 nos
1239 3885 1285 3956 de
1301 3883 1424 3956 somno
1449 3885 1590 3980 surgere
1607 3925 1615 3940 ·
1636 3881 1747 3954 Nune

412 4001 510 4070 enim
526 3997 670 4091 propior
687 3991 740 4066 est
756 3991 878 4067 nostra
890 3993 984 4068 salus
1001 4019 1108 4088 quam
1123 4020 1207 4068 cum
1221 3997 1457 4068 credidimus·
1477 3997 1566 4069 Nox
1581 3989 1746 4091 preoeffit

413 4113 489 4183 dies
506 4119 629 4181 autem
647 4109 949 4201 appropinquauit
965 4146 974 4162 ·
992 4106 1218 4200 Abijoiamus
1235 4131 1320 4202 ergo
1338 4132 1446 4202 opera
1462 4109 1691 4180 tenebrarum
1709 4117 1749 4176 et

412 4223 605 4294 induamur
629 4242 727 4291 arma
752 4218 842 4290 lucis
859 4215 907 4291 fio
932 4229 973 4290 vt
998 4221 1037 4289 in
1061 4219 1119 4290 die
1144 4216 1293 4291 honeste
1318 4220 1569 4292 ambulemus·
1597 4219 1683 4290 Non
1709 4221 1747 4288 in

413 4330 761 4408 commessationibus
774 4341 813 4403 ot
826 4333 1062 4405 ebrietatibus
1076 4374 1083 4390 ·
1099 4356 1173 4404 non
1189 4334 1227 4404 in
1245 4331 1423 4404 eubilibus
1441 4342 1479 4404 et
1495 4332 1747 4426 impudicitijs·

411 4471 485 4519 non
514 4449 552 4515 in
592 4446 826 4516 contentione
866 4453 905 4516 et
935 4445 1157 4518 emulatione
1187 4484 1195 4501 ·
1230 4443 1303 4516 Sed
1339 4444 1527 4516 induimini
1561 4444 1748 4515 dominnm

412 4557 532 4632 Iesum
549 4552 731 4628 Christum
748 4538 757 4612 Ᾰ
