4050 5534
277 637 380 733 m]
742 635 1145 730 innnoonnnsn.

368 1515 449 1588 Pno
471 1537 708 1590 sennnrmrn
726 1541 836 1593 inme
853 1563 861 1579 ·
881 1522 1028 1597 anmo
1047 1525 1249 1599 Hmnnrnn
1268 1526 1476 1604 Pnornnrr
1497 1571 1505 1586 ·

316 1740 361 1813 In
379 1742 508 1814 diebus
537 1741 610 1816 illio
632 1743 777 1817 loeutus
802 1743 856 1818 est
880 1747 1052 1824 Ieremias
1081 1751 1257 1847 propheto
1272 1753 1396 1824 dicens
1421 1751 1605 1849 consurge

265 1854 374 1926 leudo
399 1856 436 1926 in
463 1851 573 1928 none
598 1858 638 1928 in
663 1857 840 1951 principio
867 1845 1069 1956 vigiliarum
1104 1863 1250 1936 effunde
1276 1859 1368 1936 ficut
1388 1887 1520 1957 aquom
1546 1891 1608 1937 cor

264 1977 370 2040 tunm
394 1976 482 2041 onte
507 1965 738 2062 conspettum
762 1971 900 2048 domini
917 1975 977 2047 dei
993 1976 1049 2048 tui
1066 2013 1075 2032 ·
1094 1974 1197 2050 Leno
1212 1974 1260 2048 od
1276 1997 1361 2046 eom
1378 1997 1507 2050 manus
1524 1986 1607 2051 tum

263 2103 328 2172 pro
344 2080 532 2152 animabus
548 2080 782 2173 pomulorum
807 2091 952 2160 tuomm
971 2126 979 2142 ·
997 2088 1060 2180 qui
1077 2087 1290 2165 defecerunt
1314 2088 1410 2162 famo
1429 2090 1472 2162 in·
1485 2092 1605 2183 oepite

262 2193 425 2264 omnium
442 2193 704 2285 compitorum·
724 2192 823 2266 Vide
840 2195 985 2268 domine
1002 2205 1041 2268 et
1058 2193 1252 2289 oonsydern
1268 2218 1376 2288 quem
1404 2194 1602 2271 vindemit-

263 2306 359 2377 oerir
374 2306 427 2378 ita
443 2343 453 2360 ·
471 2303 569 2398 Ergo
592 2327 641 2378 ne
665 2305 858 2379 comedent
883 2305 1056 2380 mulieres
1079 2307 1235 2388 frufitum
1252 2305 1355 2382 suum
1372 2308 1542 2401 paruulos
1559 2311 1604 2381 od

262 2412 465 2488 mensuram
499 2414 622 2509 palme
638 2415 695 2489 ·s1
720 2418 897 2493 occiditur
922 2419 967 2502 in
984 2416 1184 2504 senstuerio
1209 2421 1346 2492 domini
1373 2419 1536 2505 sacerdos
1566 2434 1605 2493 et

261 2527 438 2621 propheta
451 2527 606 2600 formido
622 2537 662 2602 et
678 2529 830 2622 laqueus
844 2531 942 2616 ,setta
954 2525 1122 2613 estnobio
1135 2532 1345 2618 vaticinatio
1358 2542 1396 2604 et
1409 2534 1603 2609 contritio·

261 2635 466 2722 Diuisiones
479 2663 656 2733 equorum
669 2642 831 2716 deduxit
844 2642 1092 2718 oculus-meus
1104 2644 1142 2716 in
1155 2640 1375 2724 contritione
1391 2643 1465 2728 filie
1479 2644 1602 2738 populi

260 2754 332 2824 mei
349 2751 478 2831 oculos
493 2775 597 2836 meno
613 2754 764 2830 efflittue
790 2751 844 2828 est
869 2777 939 2831 neo
955 2755 1071 2829 tnouit
1088 2778 1132 2826 eo
1150 2757 1247 2849 quod
1263 2777 1338 2831 non
1355 2751 1443 2828 effet
1460 2758 1601 2856 requiei

261 2864 375 2936 donee
391 2863 584 2960 respiceret
601 2876 641 2938 et
658 2868 800 2947 videret
815 2868 986 2943 dominus.
1009 2868 1056 2942 de
1079 2866 1169 2942 oelio
1184 2905 1194 2922 ·
1212 2865 1489 2958 Inundnuerunt
1507 2889 1601 2962 oque

260 2973 365 3071 super
390 2986 500 3072 eaput
517 3001 643 3051 meum
660 3019 669 3038 ·
688 2978 764 3052 dixi
783 2978 879 3072 Perij
896 3019 906 3038 ·
925 2979 1101 3055 Inuoonui
1118 3001 1251 3052 nomen
1269 2989 1374 3052 tuum
1390 2978 1542 3066 domine.
1556 2980 1601 3050 de

259 3088 341 3162 ineu
365 3085 554 3161 nouiffimo
579 3112 705 3162 vooem
729 3113 849 3164 meam
875 3088 1006 3163 audisti
1024 3131 1033 3147 ·
1053 3090 1114 3163 Ne
1140 3101 1283 3164 auertee
1308 3114 1432 3172 aurem
1458 3100 1601 3176 turma

259 3198 419 3297 tingoltu
434 3223 517 3273 meo
534 3208 574 3273 et
591 3199 748 3276 elamore
765 3245 774 3261 ·
793 3199 1098 3298 Appropinquasti
1124 3205 1162 3274 in
1183 3203 1242 3274 die
1258 3227 1330 3297 qua
1346 3204 1513 3274 inuooaui
1537 3214 1596 3274 te·

261 3311 381 3385 dixisti
396 3311 458 3384 Ne
470 3313 619 3386 timeon·
634 3310 805 3387 Iudieesti
818 3314 961 3388 oensem
978 3315 1099 3387 anime
1112 3337 1193 3386 mee
1206 3315 1413 3407 redemptor
1424 3315 1499 3384 vite
1516 3336 1599 3385 mee

261 3427 406 3497 domine
423 3425 512 3497 deuo
529 3447 652 3498 meus·

383 3761 463 3834 Pro
481 3783 626 3834 rtunm
644 3737 820 3834 rnrnnoi
838 3801 846 3818 ·
867 3760 1011 3833 anmo
1031 3743 1236 3832 Hmnmssn
1254 3779 1481 3832 rnornnrn·

308 3985 354 4056 In
398 3985 525 4058 diebus
558 3985 631 4060 illio
672 3986 792 4057 orauit
836 3984 1011 4058 Ieremias
1044 3985 1221 4080 propheto
1254 3986 1376 4057 dicens
1418 3983 1595 4078 Nunquid

258 4097 449 4196 proijeiens
474 4093 634 4173 abiecisti
656 4095 793 4173 iudam
822 4109 887 4172 aut
915 4097 1013 4192 Syon
1039 4097 1248 4170 abominata
1272 4093 1327 4168 est
1351 4098 1473 4189 animo
1506 4098 1596 4170 tuni

259 4213 380 4298 Quare
397 4233 484 4308 ergo
499 4205 695 4305 peronffisti
713 4212 849 4292 notite
865 4220 906 4282 vt
922 4209 1025 4284 nullo
1040 4206 1088 4288 fit
1102 4207 1261 4282 sanitas?
1308 4207 1594 4303 &pettauimue

252 4347 383 4420 potem
398 4333 439 4396 et
451 4319 601 4426 nonest
613 4323 751 4405 bonum
777 4333 815 4397 et
833 4332 990 4417 tempus,
1010 4323 1207 4396 curationis
1232 4331 1271 4394 et
1295 4345 1379 4394 eeoe
1405 4322 1588 4415 turbatio·

256 4437 504 4534 Cognouimus
517 4435 888 4529 domineimpietotet
905 4432 1043 4510 nostrus
1060 4443 1099 4506 et
1115 4434 1326 4527 iniquitates
1351 4441 1497 4527 patrum
1514 4431 1596 4506 nos-

254 4571 395 4622 trorum
419 4549 505 4642 quio
520 4549 754 4643 peooeuimoo
767 4547 861 4628 tibi·
888 4547 950 4630 Ne
975 4548 1038 4620 des
1061 4565 1129 4622 nos
1142 4548 1185 4636 ¹in
1198 4545 1597 4640 obprobriumpropter
