4050 5534
539 648 845 747 REGrsTRUM
876 649 1282 726 ABERDONENSE.
1442 723 1447 731 ,
1510 657 1579 724 201

240 849 275 920 le
292 847 435 942 Spetell
452 848 537 943 hyle
556 850 696 923 duabus
713 850 837 923 oroftis
855 851 889 944 vj
916 853 945 925 ἔ.
965 851 1025 945 viij
1053 848 1089 923 d.
1116 835 1155 923 et
1181 852 1226 923 de
1244 872 1317 924 vna
1343 850 1458 925 crofta
1483 850 1520 920 in
1547 848 1583 921 la

241 964 352 1055 fowty
369 964 403 1056 vj
421 962 451 1033 i.
469 984 534 1056 per
550 961 671 1057 Cryne
688 972 727 1034 el
744 963 895 1035 heredes
912 961 1016 1035 suos·

734 1185 917 1259 Robertus
936 1183 1081 1282 Wyffe·

242 1299 382 1386 Quinto
411 1299 587 1372 kalendas
614 1298 745 1393 Maroij
771 1300 893 1372 obitus
923 1299 1059 1371 domini
1086 1300 1238 1373 Roborti
1275 1296 1401 1395 Wylse
1435 1302 1481 1372 de
1511 1322 1582 1393 quo

243 1414 539 1485 commemoraoio
563 1411 610 1484 de
625 1412 688 1506 xiij
708 1414 737 1485 ἔ.
761 1412 812 1505 inj
833 1407 871 1483 d.
898 1413 944 1483 de
969 1412 1076 1483 terris
1092 1414 1137 1484 de
1155 1412 1299 1485 Fethile
1321 1410 1502 1485 soluendis
1519 1435 1585 1506 per

241 1524 411 1598 abbatem
428 1527 475 1598 de
493 1523 592 1599 Der·

737 1746 919 1819 Henrieus
937 1746 1086 1843 Rynde·

243 1862 380 1947 Quarto
399 1860 487 1933 Idus
506 1860 635 1954 Meroij
655 1861 775 1932 obitus
792 1861 887 1931 bone
908 1861 1082 1932 memorie
1098 1860 1258 1958 magistri
1275 1860 1428 1935 Henrioi
1439 1939 1441 1942 ,
1453 1862 1607 1957 Rynde·

245 1975 450 2068 thesaurarij
476 1968 625 2046 ecelefie
648 1968 917 2044 Aberdonenfie
948 1974 1009 2065 qui
1035 1974 1187 2046 donauit
1216 1973 1413 2067 capellanis
1433 1974 1583 2047 eoeleste

243 2081 512 2160 Aberdonensrs
535 2086 594 2179 xvj
617 2086 646 2159 ἔ.
665 2086 776 2157 annui
799 2084 961 2155 redditus
987 2085 1161 2159 leuandos
1185 2088 1231 2158 de
1257 2088 1372 2159 orofra
1389 2083 1464 2158 fine
1487 2098 1585 2160 terra

245 2200 347 2294 dely
371 2198 576 2293 Hedunnye
602 2197 679 2293 hyll
703 2207 742 2269 et
763 2196 869 2291 dely
888 2195 1129 2293 Langlandise
1151 2223 1217 2293 pro
1240 2196 1484 2273 anniuersario
1507 2201 1584 2271 eius

244 2314 355 2407 patris
373 2320 411 2383 et
429 2312 554 2383 matris
572 2309 715 2383 suorum
742 2316 918 2404 perpetuo
943 2309 1159 2383 celebrando
1176 2314 1213 2383 in
1232 2311 1363 2407 vigelia
1378 2312 1477 2384 beati
1494 2311 1587 2385 Gre-

244 2426 334 2519 gorii
352 2447 469 2517 rare·

745 2646 769 2718 J
772 2648 908 2719 ohanes
925 2646 1086 2721 Barbor·

246 2762 415 2836 Secundo
454 2760 542 2833 Idus
581 2758 712 2853 Meroij
747 2761 869 2832 obitus
898 2760 1008 2840 bone⁴
1029 2762 1202 2833 memorie
1234 2761 1372 2833 domini
1407 2760 1586 2833 Johannie

245 2875 403 2947 Barbore
416 2873 657 2946 archidiaconi
668 2868 936 2944 Aberdonenfis
947 2873 993 2943 de
1004 2895 1076 2965 quo
1089 2875 1387 2945 commemoraoio
1398 2873 1444 2945 de
1456 2874 1587 2969 viginti

246 2984 362 3059 solidis
375 2986 421 3057 de
434 2984 577 3057 bollinis
595 2984 640 3055 de
652 2982 855 3067 Aberdene
870 3027 878 3044 ·
892 2982 1073 3087 soluendis
1090 2986 1128 3057 in
1139 2982 1237 3056 festo
1253 2983 1362 3057 saner
1376 2984 1530 3057 Martini
1547 2987 1586 3059 in

246 3122 348 3194 yeme
367 3099 413 3171 de
430 3098 541 3169 firmis
558 3098 664 3192 burgi
683 3098 728 3169 de
745 3095 941 3168 Aberdene
958 3098 1168 3170 annuatim·

745 3320 957 3393 Willelmus
975 3321 1101 3418 Leng·

248 3436 384 3509 oeauo
415 3437 588 3509 kalendas
620 3434 758 3529 Aprilis
781 3436 903 3506 obitus
926 3436 1063 3507 domini
1087 3432 1269 3506 Willelmi
1297 3434 1402 3530 Lang
1423 3438 1587 3509 eenoniei

249 3545 395 3623 eeclefie
426 3542 696 3620 Aberdonenfis
726 3556 772 3620 et.
795 3542 1027 3641 Glasguenfis
1052 3547 1098 3617 de
1120 3569 1193 3639 quo
1213 3549 1512 3619 commemoraeio
1542 3547 1588 3636 de

140 3706 144 3715 ·
249 3663 373 3757 viginti
387 3659 507 3731 solidis
520 3659 685 3731 leuandis
698 3659 744 3731 de
754 3653 939 3731 manfione
952 3659 998 3731 de
1010 3658 1157 3730 Turreff
1160 3657 1376 3732 celebranda
1386 3662 1424 3732 in
1435 3657 1588 3733 erastino

247 3769 324 3866 post
341 3769 471 3845 festum
490 3770 613 3845 sand’ee
631 3772 829 3843 trinitatis·

707 3994 919 4068 Alexander
936 3994 1119 4085 Cerroun·

250 4113 389 4199 Quarto
423 4109 597 4181 kalendas
632 4107 725 4201 Maij
761 4108 882 4179 obitus
916 4103 1077 4202 magistri
1107 4106 1320 4180 Alexander
1349 4110 1395 4180 de
1428 4108 1590 4181 Oarroun

249 4224 411 4297 canonici
431 4217 698 4294 Aberdonenfis
722 4220 767 4291 de
791 4243 862 4313 quo
886 4222 1183 4292 commemoratio
1209 4221 1255 4293 de
1277 4221 1342 4315 xiij
1359 4222 1390 4293 i.
1407 4222 1459 4315 iiij
1484 4218 1521 4293 d.
1544 4222 1591 4293 de

254 4332 438 4409 manlione
456 4335 637 4429 quondam
655 4332 793 4404 'rhome
811 4332 938 4405 Rowle
955 4332 1121 4405 leuandis
1137 4333 1351 4404 annuatim·

299 4692 382 4747 vor..
400 4693 443 4744 11.
900 4675 923 4741 2
940 4690 963 4741 o
