4050 5534
242 660 326 755 xa]
384 748 386 751 ,
709 660 1113 742 Aennnonnnsn.
1512 667 1577 736 161
1687 727 1694 742 .

240 884 322 932 reus
333 875 416 934 cum
428 862 547 956 lapide
559 862 604 933 de
616 860 810 955 columpna
820 861 926 933 datus
937 884 1002 955 per
1012 862 1164 934 Elenam
1176 862 1221 935 de
1236 861 1402 956 Lyohton
1416 902 1425 919 ·
1438 861 1472 934 sl
1485 862 1581 934 Item

240 973 331 1065 lapis
343 970 491 1046 cristalli
505 976 550 1047 de
564 985 715 1069 argento
733 982 924 1068 coopertus
941 973 996 1043 -tl
1010 973 1107 1046 Item
1124 994 1196 1045 vna
1211 975 1306 1067 pixis
1323 974 1482 1047 eburnea
1498 976 1583 1046 data

240 1108 305 1177 per
320 1081 530 1179 magistrum
548 1084 750 1157 Henricum
768 1084 898 1180 Rynde
917 1085 975 1155 u
988 1085 1086 1157 Item
1110 1086 1181 1176 due
1204 1108 1335 1157 corone
1359 1086 1406 1159 de
1431 1102 1581 1182 argento
1688 1142 1691 1147 .
1772 1184 1780 1198 ἢ

241 1196 413 1269 deaurate
430 1218 495 1291 pro
512 1194 655 1269 Christo
673 1207 712 1269 et
728 1194 852 1271 nostra
873 1198 1020 1269 domina
1043 1219 1127 1268 curu
1145 1196 1324 1291 lapidibus
1342 1221 1492 1291 quarum
1517 1195 1579 1269 sex

239 1311 340 1401 pecie
369 1310 480 1381 noae
505 1332 527 1380 a
550 1311 691 1382 coronis
714 1316 752 1382 et
783 1308 973 1381 seruantur
998 1311 1037 1381 in
1063 1332 1135 1381 vna
1157 1307 1262 1381 bursa
1285 1332 1349 1403 pro
1376 1306 1581 1383 custodibus

240 1419 458 1495 thesaurario
471 1459 480 1477 ·
491 1421 630 1511 llltem
641 1424 801 1515 quinque
815 1419 919 1494 burse
930 1445 1039 1494 auree
1052 1461 1061 1479 ·
1073 1422 1109 1492 u
1119 1420 1215 1493 Item
1227 1422 1386 1516 quinque
1396 1422 1517 1516 phiole
1527 1446 1582 1494 ar-

239 1544 370 1629 gentee
384 1574 393 1591 ·
406 1532 440 1603 sl
454 1532 550 1607 Item
573 1544 647 1606 tres
663 1533 823 1628 ampulle
839 1545 1010 1629 argentee
1027 1544 1197 1628 cooperte
1214 1534 1317 1605 cuius
1334 1557 1406 1606 vna
1421 1535 1581 1629 ampulla

239 1647 427 1740 deperdita
442 1668 489 1718 ex
506 1641 669 1718 miffione
685 1646 730 1718 ad
748 1645 913 1739 Brechyn
930 1669 995 1740 pro
1012 1644 1179 1719 crismate
1198 1668 1264 1740 per
1280 1647 1465 1718 dominum
1485 1645 1581 1718 Wil-

239 1758 390 1831 lelmum
404 1757 562 1831 Donaldi
576 1758 804 1852 capellanum
818 1758 954 1830 domini
968 1756 1123 1853 episcopi
1140 1758 1199 1828 dl
1212 1757 1308 1829 Item
1322 1782 1413 1831 rnna
1425 1762 1581 1833 annulus

240 1882 432 1967 argenteus
457 1892 541 1943 cum
570 1869 691 1966 lapide
718 1870 765 1941 de
789 1866 945 1942 cristallo
972 1872 1149 1964 quadrato
1174 1871 1280 1944 datus
1305 1892 1371 1965 per
1399 1875 1579 1966 quendam

239 1983 392 2055 Scotum
405 1979 622 2055 existentem
636 1984 674 2054 in
689 1980 841 2055 Francia
853 1992 892 2054 et
905 2006 970 2077 per
982 1980 1098 2077 ipsum
1110 1985 1148 2054 in
1161 1982 1322 2056 Scotiam
1336 1985 1553 2060 transmissus
1571 2028 1580 2045 ·

240 2095 381 2167 {sltem
410 2117 521 2167 vnum
544 2095 643 2167 wche
661 2097 801 2189 argenti
829 2096 1043 2168 deauratum
1065 2096 1104 2166 in
1125 2119 1196 2188 quo
1217 2099 1426 2169 continetur
1450 2122 1580 2195 ymago

240 2206 347 2279 sancti
365 2205 474 2280 Olaui
493 2205 549 2276 -a
561 2204 659 2277 Item
677 2206 749 2277 duo
767 2203 923 2279 cristalla
944 2208 1000 2278 ·t[
1011 2207 1108 2279 Item
1126 2232 1148 2280 a
1163 2231 1236 2301 pax
1247 2209 1413 2281 bredede
1430 2222 1580 2306 argento

240 2320 410 2393 deaurato
420 2340 505 2389 cum
515 2318 741 2414 ymaginibus
751 2318 859 2393 beate
870 2322 986 2392 crucis
996 2319 1104 2392 beate
1111 2320 1231 2391 Marie
1242 2319 1394 2395 erranei
1402 2321 1580 2404 lobannis

216 2512 222 2525 ι
241 2426 482 2526 Euangeliste
492 2453 540 2501 ex
551 2432 645 2502 dono
656 2432 845 2502 reuerendi
855 2435 969 2525 patris
978 2431 1117 2503 Thome
1127 2428 1283 2525 episcopi
1295 2432 1577 2508 Abirdonensra·

239 2543 275 2613 ll
286 2540 385 2615 Item
399 2566 445 2613 ex
464 2542 558 2614 dono
574 2540 733 2614 eiusdem
750 2541 906 2639 episcopi
920 2546 991 2617 duo
1004 2541 1220 2616 candelabra
1231 2544 1403 2617 deaurata
1415 2584 1423 2602 ·
1437 2548 1471 2618 sl
1482 2548 1579 2620 Item

241 2656 356 2748 peluis
382 2678 465 2728 cum
491 2654 621 2727 lotorio
646 2655 691 2727 de
716 2667 866 2750 argento
892 2681 939 2729 ex
956 2658 1051 2729 dono
1068 2656 1206 2726 domini
1223 2654 1381 2729 Gliberti
1398 2657 1552 2755 episcopi
1571 2702 1579 2717 ·

240 2768 274 2837 sI
286 2767 384 2840 Item
403 2768 475 2841 due
492 2767 618 2862 pelnee
630 2776 802 2862 argentee
811 2793 876 2863 pro
887 2770 1036 2841 lauacro-
1046 2769 1085 2839 in
1095 2767 1399 2863 circumferencija
1409 2771 1581 2844 ‹leaurate

237 2882 324 2953 date
334 2904 400 2975 per
417 2880 620 2953 Henricum
637 2878 842 2974 episcopum
856 2877 1143 2953 Abirdonensem
1157 2902 1240 2951 cum
1251 2878 1580 2976 circumscriptione

242 2991 424 3088 vtriusque
440 2992 557 3087 peluis
573 2989 622 3065 src
639 2993 861 3087 Incipiente·
884 2993 1091 3065 Hannrcna
1119 3011 1186 3063 mer
1212 3012 1354 3064 eamn
1379 3014 1580 3069 nrrsconna

240 3105 533 3180 Amnnonanars
549 3124 659 3177 rncrr
677 3124 869 3178 noemam
888 3127 939 3177 an
965 3122 1134 3176 maenum
1159 3122 1307 3175 annana
1324 3124 1501 3178 acconam
1517 3131 1580 3179 ca-

241 3238 457 3291 nannenus
482 3236 654 3289 EIUSDEM
680 3236 784 3288 ΔΝΝΟ
811 3216 963 3289 DOMINI
991 3238 1073 3289 lt'rc.
1100 3234 1238 3287 XXXIII
1269 3236 1317 3287 ΕΤ
1344 3237 1579 3298 QUIGUNQUE
1723 3292 1727 3298 ,

241 3351 312 3403 noa
329 3350 377 3403 aa
394 3350 476 3401 raro
502 3348 640 3401 annm
658 3348 921 3401 ntrnnauanrn
938 3350 996 3401 srr
1013 3350 1037 3399 a
1063 3349 1139 3400 nno
1157 3348 1206 3399 nr
1223 3349 1247 3398 a
1264 3348 1410 3401 noerae
1428 3350 1579 3404 oomni

241 3461 481 3515 matamorus
511 3460 559 3512 nr
594 3462 876 3514 meliorantium
910 3460 1217 3515 connumeramus
1253 3460 1357 3512 arran
1383 3482 1392 3503 ·
1418 3441 1453 3510 sl
1482 3442 1580 3514 Item
1606 3524 1612 3533 ,

240 3576 312 3627 vna
334 3552 456 3627 casula
469 3550 585 3626 serata
600 3576 665 3647 pro
683 3555 821 3626 duabus
837 3554 1004 3648 peluibus
1022 3593 1030 3613 ·
1057 3552 1092 3622 tl
1109 3551 1206 3624 Item
1224 3575 1336 3624 vnum
1360 3554 1580 3626 turribulum

240 3677 451 3763 argenteum
481 3708 489 3725 ·
519 3667 553 3737 sl
571 3666 667 3737 Item
694 3687 805 3737 vnum
831 3688 1003 3761 magnum
1029 3662 1256 3737 thuribulum
1280 3675 1494 3759 argenteum
1520 3667 1581 3738 da·

240 3791 321 3851 tum
346 3802 409 3873 per
434 3780 621 3851 dominum
652 3776 853 3849 Henricum
889 3778 1073 3872 Lyohtton
1103 3765 1309 3870 episcopum
1342 3775 1581 3849 Aberdonen·

240 3892 315 3964 sem
340 3930 348 3947 ·
373 3890 409 3961 sl
433 3890 530 3962 Item
557 3886 674 3962 custos
699 3888 916 3963 thesauran'e
941 3888 1051 3962 habet
1068 3896 1223 3981 quatuor
1246 3896 1364 3961 turrea
1381 3889 1427 3961 de
1452 3892 1579 3963 eodem

240 4003 424 4076 thuribulo
450 4003 495 4074 dc
520 4014 671 4097 argento
697 4044 705 4061 ·
733 4002 769 4072 sl
785 4002 883 4075 Item
909 4003 980 4073 due
997 4002 1111 4073 mitre
1123 4024 1194 4072 vna
1217 3999 1376 4094 preciosa
1398 4004 1443 4075 de
1459 4003 1582 4097 pcirlia

239 4128 279 4189 et
309 4116 486 4210 lapidibus
530 4110 697 4208 preciosis
731 4124 772 4185 nt
805 4138 828 4187 a
860 4124 963 4209 parte
996 4123 1082 4186 ante
1116 4110 1315 4185 tresdecem
1350 4112 1488 4208 lapidea
1522 4117 1583 4186 de-

238 4231 429 4302 ficientes·
454 4238 493 4300 et
510 4252 533 4300 a
548 4237 652 4321 parte
669 4222 748 4321 post
773 4228 811 4297 xi
830 4226 966 4321 lapides
991 4226 1037 4297 (le
1054 4225 1185 4318 quibua
1201 4221 1338 4297 restant
1359 4222 1423 4299 sex
1448 4226 1584 4321 lapidea

241 4458 280 4527 in
296 4453 392 4525 dieta
408 4450 514 4525 oilla·
528 4460 567 4523 et
577 4452 650 4524 trIa
666 4451 826 4545 pendilia
842 4473 951 4523 aurea
967 4450 1012 4521 de
1031 4446 1128 4522 dicta
1143 4449 1253 4522 mitra
1267 4450 1306 4519 in
1324 4451 1484 4543 preditia
1499 4450 1587 4524 cista

242 4580 282 4641 et
300 4576 468 4659 quartum
481 4562 627 4659 pendile
640 4561 766 4637 absens
813 4562 848 4634 sl
861 4561 961 4634 Item
979 4549 1095 4634 altera
1111 4550 1222 4635 mitra
1233 4562 1279 4633 de
1288 4558 1401 4639 serico
1418 4564 1608 4638 deaurata.

292 4685 375 4736 vor..
395 4686 435 4735 11.
899 4680 927 4731 x
