4050 5534
220 668 303 765 aa]
692 668 1096 744 annanonunsu.
1497 679 1562 743 151

266 872 313 940 de
324 868 612 964 Authydonolde
629 894 694 966 pro
707 872 828 943 anima
841 872 976 943 domini
991 870 1173 943 Willelmi
1191 871 1368 966 Calabyre
1385 880 1424 941 et
1441 871 1564 943 littere

264 980 396 1055 salzine
422 986 533 1055 annui
558 985 721 1055 redditus
749 982 826 1079 iiij⁰¹
845 984 1019 1055 librarum
1049 984 1096 1055 de
1123 981 1257 1055 eisdem
1287 996 1327 1055 et
1352 983 1423 1055 alia
1439 984 1564 1056 littera

266 1094 373 1189 snper
389 1097 542 1168 eadem·
903 1080 910 1089 ⁸

218 1206 314 1280 Item
333 1223 434 1282 carta
450 1211 587 1281 domini
606 1209 652 1279 de
669 1206 790 1280 Ketht
807 1206 912 1303 super
929 1210 1123 1281 donatione
1141 1207 1297 1281 eiusdem
1318 1246 1326 1265 ·

219 1320 453 1394 Confirmatio
471 1322 672 1393 Clementis
689 1343 782 1415 pape
798 1320 941 1414 septimi
959 1323 1003 1391 de
1022 1319 1126 1394 dietis
1144 1318 1206 1393 sex
1223 1324 1378 1394 marcis·

218 1431 452 1507 Confirmatio
478 1434 683 1506 donationis
708 1429 901 1505 manfionia
929 1433 1128 1527 capellanie
1154 1434 1200 1505 de
1226 1434 1402 1528 Galabyre
1419 1444 1458 1505 et
1475 1460 1561 1529 aug-

266 1548 502 1619 mentationis
519 1544 678 1619 eiusdem
696 1544 805 1639 vsqne
823 1547 868 1618 ad
886 1547 1025 1618 fontem
1039 1545 1146 1617 beate
1164 1546 1284 1619 Marie
1302 1586 1311 1603 ·

218 1660 325 1732 Carta
352 1661 502 1754 capituli
520 1654 789 1731 Aberdonenfis
807 1660 852 1730 de
869 1659 932 1751 xiij
950 1658 983 1729 ll.
1001 1658 1051 1750 iiij
1070 1654 1105 1729 d.
1123 1681 1190 1751 per
1215 1659 1336 1730 Dauid
1354 1660 1400 1730 de
1417 1658 1560 1753 Sprow-

265 1768 343 1843 lton
360 1776 399 1843 in
417 1769 714 1843 sustentationem
732 1771 837 1843 vnius
863 1770 1039 1863 capellani
1057 1772 1095 1840 in
1113 1766 1263 1843 ecclefia
1279 1769 1529 1843 Aberdonenfi
1548 1812 1556 1828 ·

219 1884 326 1959 Carta
356 1884 559 1956 Alexandri
590 1881 745 1978 episcopi
769 1878 1039 1955 Aberdonenfia
1073 1883 1118 1953 de
1146 1884 1301 1975 quadam
1331 1886 1433 1976 pecia
1463 1895 1558 1955 terre

267 2009 431 2092 emptae
454 1996 611 2069 Ricardo
630 1995 813 2089 Wrycht·

218 2111 326 2183 Carta
342 2109 611 2204 capellanorum
628 2105 791 2181 australis
817 2110 928 2202 partis
945 2104 1093 2179 ecclesre
1117 2104 1386 2180 Aberdonensrs
1403 2106 1557 2202 episcopi

265 2223 467 2295 Alexandri
485 2223 613 2316 primi·

218 2336 326 2408 Carta
343 2336 513 2430 Hugonia
524 2336 568 2406 de
583 2331 689 2405 Rolle
707 2335 752 2405 de
771 2333 860 2405 Fola
877 2332 977 2404 roule
996 2372 1004 2389 ·
1024 2342 1063 2403 et
1081 2333 1306 2404 confirmatio
1325 2331 1436 2427 Regis
1454 2330 1559 2428 super

266 2447 467 2542 capellania
483 2449 530 2517 de
548 2446 637 2518 Fola
654 2447 757 2517 ronle
774 2446 926 2517 fundata
951 2468 1016 2537 per
1031 2445 1154 2517 Adam
1173 2445 1316 2539 Pingile
1333 2486 1342 2501 ·

219 2560 267 2632 Et
291 2570 391 2633 carta
416 2556 525 2653 ipfius
551 2559 635 2630 Ade
660 2555 766 2651 super
791 2559 916 2630 eadem
935 2568 973 2629 et
991 2556 1117 2629 littera
1141 2554 1390 2652 resignationis
1416 2557 1461 2627 de
1487 2557 1560 2629 fola

265 2674 391 2746 ronle·
567 2734 571 2743 .

218 2786 375 2859 Donatio
391 2786 487 2857 tofte
505 2794 543 2856 et
560 2786 675 2855 crofta
692 2784 878 2877 capellano
891 2783 937 2853 de
951 2782 1132 2854 Garuiaeh
1151 2791 1190 2852 et
1208 2782 1435 2853 confirmatio
1448 2782 1559 2876 Regis

266 2897 371 2993 super
388 2896 545 2970 eisdem·

219 3011 398 3084 Fundatio
426 3011 576 3081 duorum
614 3008 881 3102 capellanorum
915 3008 1010 3079 fadta
1039 3030 1103 3101 per
1136 3006 1321 3076 dominum
1357 3006 1559 3079 Henricum

267 3124 470 3219 episcopum
498 3119 795 3194 Aberdonensem
821 3117 927 3214 super
955 3117 1122 3212 hospitali
1149 3114 1258 3189 sandi
1285 3116 1385 3189 Petri
1404 3130 1442 3190 et
1460 3120 1559 3191 bulla

268 3237 421 3333 Eugenij
440 3236 723 3307 confirmationis
740 3230 844 3327 super
861 3232 987 3304 eadem
1006 3272 1014 3288 ·
1201 3232 1211 3247 '

219 3348 418 3422 ludentura
431 3350 477 3420 de
491 3348 589 3418 Dere
600 3344 704 3439 super
715 3346 778 3439 xiij
796 3342 829 3416 il.
849 3346 900 3437 iiij
919 3342 954 3415 d.
974 3346 1019 3415 de
1036 3345 1141 3415 terris
1159 3344 1204 3413 de
1218 3342 1363 3436 Feythil
1381 3354 1420 3414 et
1437 3344 1560 3416 littera

268 3462 483 3533 venditionis
501 3459 691 3552 Laurencij
710 3458 755 3529 de
774 3456 866 3550 Foty
882 3454 988 3550 super
1004 3456 1131 3527 eadem
1150 3509 1158 3524 .

221 3572 443 3647 Presentatio
460 3596 526 3667 per
541 3573 671 3643 fratem
697 3572 876 3664 prioratus
901 3566 1020 3641 sanae
1045 3570 1220 3639 trinitatis
1236 3569 1283 3640 de
1300 3568 1496 3642 Aberdene
1513 3572 1559 3641 de

268 3686 453 3781 capellano
470 3695 646 3779 perpetuo
664 3685 701 3755 in
720 3678 872 3755 ecclelia
887 3682 984 3753 beati
995 3676 1151 3752 ⁸Nicolai
1169 3681 1215 3751 de
1232 3681 1430 3754 Aberdene
1449 3723 1457 3738 ·

218 3798 328 3871 Carta
356 3799 477 3871 Dauid
506 3798 551 3869 de
580 3796 773 3868 Cowentre
806 3795 852 3866 de
887 3802 1099 3865 tenemento
1132 3794 1229 3863 inter
1263 3803 1376 3865 terras
1407 3794 1557 3867 Roberti

269 3911 440 4007 Cowpare
457 3920 496 3982 et
514 3910 682 3982 Duncani
706 3908 856 4002 Hervy·

219 4022 403 4120 Obligatio
420 4023 623 4095 Alexandri
639 4020 860 4113 Balcrumby
877 4019 923 4090 de
941 4019 1069 4089 decem
1085 4017 1241 4089 marchis
1258 4018 1303 4089 de
1321 4018 1497 4091 Galchole
1515 4062 1523 4077 ·

219 4136 328 4209 Carta
353 4135 506 4209 Isabelle
530 4131 723 4207 Curtaston
747 4131 852 4226 super
868 4154 939 4201 vno
966 4140 1178 4202 tenemento
1194 4140 1318 4223 empto
1343 4156 1409 4225 per
1426 4132 1559 4205 Henri-

268 4274 350 4321 cum
361 4246 566 4343 episcopum
580 4244 880 4319 Aberdonensem
898 4245 1041 4315 iacente
1051 4244 1089 4312 in
1108 4243 1188 4314 vico
1202 4244 1384 4315 furcarum
1403 4254 1442 4317 et
1460 4257 1559 4318 carta

268 4364 483 4435 venditionis
501 4356 659 4432 eiusdem
677 4400 686 4417 ·

219 4477 329 4547 Carta
344 4474 625 4547 confirmationis
636 4472 874 4567 quadraginta
883 4467 1077 4540 solidorum
1089 4465 1411 4541 anniuersariomm
1422 4471 1557 4543 domini

269 4588 426 4660 Gilberti
444 4586 615 4681 Grynlaw
632 4584 716 4657 Ade
734 4582 898 4656 Forstare
916 4592 955 4654 et
973 4580 1125 4653 Roberti
1150 4582 1245 4677 regis
1263 4580 1456 4654 Scotorum
1475 4624 1483 4640 ·
