<?xml version="1.0" encoding="UTF-8"?>
<!DOCTYPE html PUBLIC "-//W3C//DTD XHTML 1.0 Transitional//EN"
    "http://www.w3.org/TR/xhtml1/DTD/xhtml1-transitional.dtd">
<html xmlns="http://www.w3.org/1999/xhtml" xml:lang="en" lang="en">
 <head>
  <title>
</title>
<meta http-equiv="Content-Type" content="text/html;charset=utf-8" />
  <meta name='ocr-system' content='tesseract 3.04.00' />
  <meta name='ocr-capabilities' content='ocr_page ocr_carea ocr_par ocr_line ocrx_word'/>
</head>
<body>
  <div class='ocr_page' id='page_1' title='image "./registrumepisco02innegoog_0370.png"; bbox 0 0 4050 5534; ppageno 0'>
   <div class='ocr_carea' id='block_1_1' title="bbox 424 618 1761 723">
    <p class='ocr_par' dir='ltr' id='par_1_1' title="bbox 424 618 1761 723">
     <span class='ocr_line' id='line_1_1' title="bbox 424 618 1761 723; baseline -0.001 -24"><span class='ocrx_word' id='word_1_1' title='bbox 424 626 497 706; x_wconf 78' lang='lat'><strong>276</strong></span> <span class='ocrx_word' id='word_1_2' title='bbox 941 618 1248 696; x_wconf 80' lang='lat' dir='ltr'>REGISTRUM</span> <span class='ocrx_word' id='word_1_3' title='bbox 1608 624 1761 723; x_wconf 79' lang='lat' dir='ltr'><strong>[sucum</strong></span> 
     </span>
    </p>
   </div>
   <div class='ocr_carea' id='block_1_2' title="bbox 429 930 1762 1143">
    <p class='ocr_par' dir='ltr' id='par_1_2' title="bbox 429 930 1762 1143">
     <span class='ocr_line' id='line_1_2' title="bbox 429 930 1762 1032; baseline 0 -22"><span class='ocrx_word' id='word_1_4' title='bbox 429 935 539 1010; x_wconf 80' lang='lat' dir='ltr'><strong>Carta</strong></span> <span class='ocrx_word' id='word_1_5' title='bbox 564 932 766 1009; x_wconf 82' lang='lat' dir='ltr'><strong>Alexandri</strong></span> <span class='ocrx_word' id='word_1_6' title='bbox 800 930 942 1028; x_wconf 82' lang='lat' dir='ltr'><strong>Comyn</strong></span> <span class='ocrx_word' id='word_1_7' title='bbox 975 932 1119 1005; x_wconf 85' lang='lat' dir='ltr'><strong>comitis</strong></span> <span class='ocrx_word' id='word_1_8' title='bbox 1144 933 1191 1005; x_wconf 91' lang='lat' dir='ltr'><strong>de</strong></span> <span class='ocrx_word' id='word_1_9' title='bbox 1215 930 1367 1007; x_wconf 87' lang='lat' dir='ltr'><strong>Buchan</strong></span> <span class='ocrx_word' id='word_1_10' title='bbox 1386 957 1451 1029; x_wconf 87' lang='lat' dir='ltr'><strong>pro</strong></span> <span class='ocrx_word' id='word_1_11' title='bbox 1475 932 1642 1030; x_wconf 87' lang='lat' dir='ltr'><strong>hospitali</strong></span> <span class='ocrx_word' id='word_1_12' title='bbox 1667 939 1762 1032; x_wconf 87' lang='lat' dir='ltr'><strong>apud</strong></span> 
     </span>
     <span class='ocr_line' id='line_1_3' title="bbox 430 1042 993 1143; baseline -0.009 -21"><span class='ocrx_word' id='word_1_13' title='bbox 430 1070 566 1122; x_wconf 91' lang='lat' dir='ltr'><strong>nouum</strong></span> <span class='ocrx_word' id='word_1_14' title='bbox 583 1048 737 1143; x_wconf 73' lang='lat' dir='ltr'><strong>burgum</strong></span> <span class='ocrx_word' id='word_1_15' title='bbox 752 1046 792 1118; x_wconf 92' lang='lat' dir='ltr'><strong>in</strong></span> <span class='ocrx_word' id='word_1_16' title='bbox 808 1042 993 1119; x_wconf 88' lang='lat' dir='ltr'><strong>Bucbane.</strong></span> 
     </span>
    </p>
   </div>
   <div class='ocr_carea' id='block_1_3' title="bbox 431 1248 1764 1370">
    <p class='ocr_par' dir='ltr' id='par_1_3' title="bbox 431 1248 1764 1370">
     <span class='ocr_line' id='line_1_4' title="bbox 431 1248 1764 1370; baseline -0.004 -20"><span class='ocrx_word' id='word_1_17' title='bbox 431 1248 624 1350; x_wconf 79' lang='lat' dir='ltr'>Omnibus</span> <span class='ocrx_word' id='word_1_18' title='bbox 651 1272 721 1344; x_wconf 91' lang='lat' dir='ltr'><strong>boc</strong></span> <span class='ocrx_word' id='word_1_19' title='bbox 746 1266 918 1365; x_wconf 85' lang='lat' dir='ltr'><strong>scriptum</strong></span> <span class='ocrx_word' id='word_1_20' title='bbox 945 1267 1073 1343; x_wconf 83' lang='lat' dir='ltr'><strong>visuris</strong></span> <span class='ocrx_word' id='word_1_21' title='bbox 1103 1268 1161 1342; x_wconf 81' lang='lat' dir='ltr'><strong>vel</strong></span> <span class='ocrx_word' id='word_1_22' title='bbox 1189 1268 1365 1343; x_wconf 77' lang='lat' dir='ltr'>audituris</span> <span class='ocrx_word' id='word_1_23' title='bbox 1389 1269 1602 1347; x_wconf 77' lang='lat' dir='ltr'>Alexander</span> <span class='ocrx_word' id='word_1_24' title='bbox 1625 1274 1764 1370; x_wconf 82' lang='lat' dir='ltr'><strong>Oomyn</strong></span> 
     </span>
    </p>
   </div>
   <div class='ocr_carea' id='block_1_4' title="bbox 376 1377 1768 4619">
    <p class='ocr_par' dir='ltr' id='par_1_4' title="bbox 376 1377 1768 4619">
     <span class='ocr_line' id='line_1_5' title="bbox 430 1377 1766 1461; baseline -0.001 0"><span class='ocrx_word' id='word_1_25' title='bbox 430 1408 552 1461; x_wconf 87' lang='lat' dir='ltr'><strong>comes</strong></span> <span class='ocrx_word' id='word_1_26' title='bbox 568 1386 614 1458; x_wconf 92' lang='lat' dir='ltr'><strong>de</strong></span> <span class='ocrx_word' id='word_1_27' title='bbox 630 1382 805 1457; x_wconf 91' lang='lat' dir='ltr'><strong>Buchane</strong></span> <span class='ocrx_word' id='word_1_28' title='bbox 817 1391 907 1455; x_wconf 90' lang='lat' dir='ltr'><strong>tunc</strong></span> <span class='ocrx_word' id='word_1_29' title='bbox 918 1378 1133 1457; x_wconf 86' lang='lat' dir='ltr'><strong>iusticierius</strong></span> <span class='ocrx_word' id='word_1_30' title='bbox 1150 1377 1277 1455; x_wconf 87' lang='lat' dir='ltr'><strong>Scooie</strong></span> <span class='ocrx_word' id='word_1_31' title='bbox 1290 1379 1443 1457; x_wconf 89' lang='lat' dir='ltr'><strong>salutem</strong></span> <span class='ocrx_word' id='word_1_32' title='bbox 1459 1384 1498 1456; x_wconf 92' lang='lat' dir='ltr'><strong>in</strong></span> <span class='ocrx_word' id='word_1_33' title='bbox 1515 1385 1660 1458; x_wconf 90' lang='lat' dir='ltr'><strong>domino</strong></span> <span class='ocrx_word' id='word_1_34' title='bbox 1676 1385 1766 1460; x_wconf 89' lang='lat' dir='ltr'><strong>sem·</strong></span> 
     </span>
     <span class='ocr_line' id='line_1_6' title="bbox 430 1488 1764 1595; baseline 0.001 -24"><span class='ocrx_word' id='word_1_35' title='bbox 430 1500 611 1595; x_wconf 85' lang='lat' dir='ltr'><strong>piternam</strong></span> <span class='ocrx_word' id='word_1_36' title='bbox 624 1540 633 1559; x_wconf 87' lang='lat'><strong>·</strong></span> <span class='ocrx_word' id='word_1_37' title='bbox 648 1494 806 1567; x_wconf 88' lang='lat' dir='ltr'><strong>Nouerit</strong></span> <span class='ocrx_word' id='word_1_38' title='bbox 818 1490 1033 1569; x_wconf 85' lang='lat' dir='ltr'><strong>rniuerfitas</strong></span> <span class='ocrx_word' id='word_1_39' title='bbox 1045 1488 1163 1566; x_wconf 88' lang='lat' dir='ltr'><strong>vestra</strong></span> <span class='ocrx_word' id='word_1_40' title='bbox 1177 1516 1244 1567; x_wconf 88' lang='lat' dir='ltr'><strong>nos</strong></span> <span class='ocrx_word' id='word_1_41' title='bbox 1260 1495 1384 1568; x_wconf 91' lang='lat' dir='ltr'><strong>diuine</strong></span> <span class='ocrx_word' id='word_1_42' title='bbox 1397 1498 1555 1570; x_wconf 72' lang='lat' dir='ltr'><strong>cantetis</strong></span> <span class='ocrx_word' id='word_1_43' title='bbox 1571 1498 1708 1571; x_wconf 90' lang='lat' dir='ltr'><strong>intuitu</strong></span> <span class='ocrx_word' id='word_1_44' title='bbox 1726 1511 1764 1573; x_wconf 92' lang='lat' dir='ltr'><strong>et</strong></span> 
     </span>
     <span class='ocr_line' id='line_1_7' title="bbox 430 1602 1765 1707; baseline 0.001 -24"><span class='ocrx_word' id='word_1_45' title='bbox 430 1634 496 1707; x_wconf 89' lang='lat' dir='ltr'><strong>pro</strong></span> <span class='ocrx_word' id='word_1_46' title='bbox 513 1607 629 1683; x_wconf 85' lang='lat' dir='ltr'><strong>salute</strong></span> <span class='ocrx_word' id='word_1_47' title='bbox 653 1608 774 1681; x_wconf 86' lang='lat' dir='ltr'><strong>anime</strong></span> <span class='ocrx_word' id='word_1_48' title='bbox 788 1602 908 1680; x_wconf 86' lang='lat' dir='ltr'><strong>nostre</strong></span> <span class='ocrx_word' id='word_1_49' title='bbox 925 1615 965 1681; x_wconf 88' lang='lat' dir='ltr'><strong>et</strong></span> <span class='ocrx_word' id='word_1_50' title='bbox 989 1604 1143 1679; x_wconf 87' lang='lat' dir='ltr'><strong>Isabelle</strong></span> <span class='ocrx_word' id='word_1_51' title='bbox 1160 1602 1335 1681; x_wconf 83' lang='lat' dir='ltr'><strong>comitiffe</strong></span> <span class='ocrx_word' id='word_1_52' title='bbox 1352 1604 1477 1703; x_wconf 88' lang='lat' dir='ltr'><strong>sponse</strong></span> <span class='ocrx_word' id='word_1_53' title='bbox 1501 1607 1620 1683; x_wconf 91' lang='lat' dir='ltr'><strong>nostre</strong></span> <span class='ocrx_word' id='word_1_54' title='bbox 1637 1621 1676 1684; x_wconf 92' lang='lat' dir='ltr'><strong>et</strong></span> <span class='ocrx_word' id='word_1_55' title='bbox 1700 1636 1765 1707; x_wconf 89' lang='lat' dir='ltr'><strong>pro</strong></span> 
     </span>
     <span class='ocr_line' id='line_1_8' title="bbox 430 1714 1765 1798; baseline 0.003 -4"><span class='ocrx_word' id='word_1_56' title='bbox 430 1722 619 1795; x_wconf 77' lang='lat' dir='ltr'><strong>animabus</strong></span> <span class='ocrx_word' id='word_1_57' title='bbox 634 1714 895 1794; x_wconf 76' lang='lat' dir='ltr'><strong>antecellorum</strong></span> <span class='ocrx_word' id='word_1_58' title='bbox 906 1715 1109 1791; x_wconf 87' lang='lat' dir='ltr'><strong>nostrorum</strong></span> <span class='ocrx_word' id='word_1_59' title='bbox 1125 1714 1407 1793; x_wconf 82' lang='lat' dir='ltr'><strong>etsuccefforum</strong></span> <span class='ocrx_word' id='word_1_60' title='bbox 1417 1716 1617 1795; x_wconf 89' lang='lat' dir='ltr'><strong>nostrorum</strong></span> <span class='ocrx_word' id='word_1_61' title='bbox 1635 1720 1765 1798; x_wconf 85' lang='lat' dir='ltr'><strong>dediffe</strong></span> 
     </span>
     <span class='ocr_line' id='line_1_9' title="bbox 431 1828 1765 1930; baseline 0 -21"><span class='ocrx_word' id='word_1_62' title='bbox 431 1828 631 1909; x_wconf 81' lang='lat' dir='ltr'><strong>concelliffe</strong></span> <span class='ocrx_word' id='word_1_63' title='bbox 648 1830 770 1905; x_wconf 83' lang='lat' dir='ltr'><strong>etheo</strong></span> <span class='ocrx_word' id='word_1_64' title='bbox 793 1828 952 1927; x_wconf 84' lang='lat' dir='ltr'><strong>presenti</strong></span> <span class='ocrx_word' id='word_1_65' title='bbox 968 1842 1070 1905; x_wconf 89' lang='lat' dir='ltr'><strong>carta</strong></span> <span class='ocrx_word' id='word_1_66' title='bbox 1088 1828 1209 1904; x_wconf 89' lang='lat' dir='ltr'><strong>nostre</strong></span> <span class='ocrx_word' id='word_1_67' title='bbox 1233 1828 1451 1905; x_wconf 84' lang='lat' dir='ltr'><strong>confirmaffe</strong></span> <span class='ocrx_word' id='word_1_68' title='bbox 1472 1829 1534 1905; x_wconf 84' lang='lat' dir='ltr'><strong>sex</strong></span> <span class='ocrx_word' id='word_1_69' title='bbox 1550 1838 1765 1930; x_wconf 81' lang='lat' dir='ltr'><strong>pauperibus</strong></span> 
     </span>
     <span class='ocr_line' id='line_1_10' title="bbox 430 1942 1766 2043; baseline 0.002 -23"><span class='ocrx_word' id='word_1_70' title='bbox 430 1946 675 2043; x_wconf 86' lang='lat' dir='ltr'><strong>prebendarijs</strong></span> <span class='ocrx_word' id='word_1_71' title='bbox 698 1944 796 2041; x_wconf 89' lang='lat' dir='ltr'><strong>apud</strong></span> <span class='ocrx_word' id='word_1_72' title='bbox 811 1965 949 2016; x_wconf 88' lang='lat' dir='ltr'><strong>nouum</strong></span> <span class='ocrx_word' id='word_1_73' title='bbox 964 1943 1120 2040; x_wconf 82' lang='lat' dir='ltr'><strong>burgum</strong></span> <span class='ocrx_word' id='word_1_74' title='bbox 1137 1946 1176 2017; x_wconf 91' lang='lat' dir='ltr'><strong>iu</strong></span> <span class='ocrx_word' id='word_1_75' title='bbox 1200 1942 1375 2019; x_wconf 88' lang='lat' dir='ltr'><strong>Bucbane</strong></span> <span class='ocrx_word' id='word_1_76' title='bbox 1399 1948 1703 2021; x_wconf 79' lang='lat' dir='ltr'><strong>commorantibus</strong></span> <span class='ocrx_word' id='word_1_77' title='bbox 1727 1963 1766 2023; x_wconf 89' lang='lat' dir='ltr'><strong>et</strong></span> 
     </span>
     <span class='ocr_line' id='line_1_11' title="bbox 429 2051 1766 2153; baseline -0.001 -19"><span class='ocrx_word' id='word_1_78' title='bbox 429 2082 556 2135; x_wconf 89' lang='lat' dir='ltr'><strong>eorum</strong></span> <span class='ocrx_word' id='word_1_79' title='bbox 571 2051 824 2131; x_wconf 80' lang='lat' dir='ltr'><strong>succefforibus</strong></span> <span class='ocrx_word' id='word_1_80' title='bbox 839 2056 974 2129; x_wconf 82' lang='lat' dir='ltr'><strong>ibidem</strong></span> <span class='ocrx_word' id='word_1_81' title='bbox 998 2055 1104 2130; x_wconf 69' lang='lat' dir='ltr'><strong>musa</strong></span> <span class='ocrx_word' id='word_1_82' title='bbox 1120 2051 1312 2130; x_wconf 86' lang='lat' dir='ltr'><strong>elemofiue</strong></span> <span class='ocrx_word' id='word_1_83' title='bbox 1328 2054 1447 2130; x_wconf 83' lang='lat' dir='ltr'><strong>nostre</strong></span> <span class='ocrx_word' id='word_1_84' title='bbox 1470 2068 1647 2153; x_wconf 86' lang='lat' dir='ltr'><strong>perpetuo</strong></span> <span class='ocrx_word' id='word_1_85' title='bbox 1671 2084 1766 2133; x_wconf 92' lang='lat' dir='ltr'><strong>com·</strong></span> 
     </span>
     <span class='ocr_line' id='line_1_12' title="bbox 430 2164 1765 2267; baseline 0.001 -21"><span class='ocrx_word' id='word_1_86' title='bbox 430 2172 623 2245; x_wconf 87' lang='lat' dir='ltr'><strong>moraturis</strong></span> <span class='ocrx_word' id='word_1_87' title='bbox 632 2168 818 2241; x_wconf 90' lang='lat' dir='ltr'><strong>dimidiam</strong></span> <span class='ocrx_word' id='word_1_88' title='bbox 834 2190 954 2241; x_wconf 86' lang='lat' dir='ltr'><strong>acram</strong></span> <span class='ocrx_word' id='word_1_89' title='bbox 970 2176 1067 2241; x_wconf 86' lang='lat' dir='ltr'><strong>terre</strong></span> <span class='ocrx_word' id='word_1_90' title='bbox 1083 2170 1130 2241; x_wconf 89' lang='lat' dir='ltr'><strong>ad</strong></span> <span class='ocrx_word' id='word_1_91' title='bbox 1142 2164 1375 2265; x_wconf 78' lang='lat' dir='ltr'><strong>melsuagium</strong></span> <span class='ocrx_word' id='word_1_92' title='bbox 1393 2178 1431 2243; x_wconf 93' lang='lat' dir='ltr'><strong>et</strong></span> <span class='ocrx_word' id='word_1_93' title='bbox 1448 2169 1679 2266; x_wconf 85' lang='lat' dir='ltr'><strong>curtilegium</strong></span> <span class='ocrx_word' id='word_1_94' title='bbox 1694 2195 1765 2267; x_wconf 87' lang='lat' dir='ltr'><strong>que</strong></span> 
     </span>
     <span class='ocr_line' id='line_1_13' title="bbox 431 2274 1765 2375; baseline -0.001 -17"><span class='ocrx_word' id='word_1_95' title='bbox 431 2286 527 2359; x_wconf 88' lang='lat' dir='ltr'><strong>iacet</strong></span> <span class='ocrx_word' id='word_1_96' title='bbox 543 2284 640 2355; x_wconf 90' lang='lat' dir='ltr'><strong>inter</strong></span> <span class='ocrx_word' id='word_1_97' title='bbox 650 2274 885 2375; x_wconf 81' lang='lat' dir='ltr'><strong>meffuagium</strong></span> <span class='ocrx_word' id='word_1_98' title='bbox 895 2280 1072 2374; x_wconf 89' lang='lat' dir='ltr'><strong>capellani</strong></span> <span class='ocrx_word' id='word_1_99' title='bbox 1084 2279 1204 2353; x_wconf 86' lang='lat' dir='ltr'><strong>versus</strong></span> <span class='ocrx_word' id='word_1_100' title='bbox 1214 2282 1390 2354; x_wconf 88' lang='lat' dir='ltr'><strong>orientem</strong></span> <span class='ocrx_word' id='word_1_101' title='bbox 1402 2288 1440 2354; x_wconf 91' lang='lat' dir='ltr'><strong>et</strong></span> <span class='ocrx_word' id='word_1_102' title='bbox 1449 2290 1594 2375; x_wconf 90' lang='lat' dir='ltr'><strong>portum</strong></span> <span class='ocrx_word' id='word_1_103' title='bbox 1607 2281 1765 2357; x_wconf 88' lang='lat' dir='ltr'><strong>eiusdem</strong></span> 
     </span>
     <span class='ocr_line' id='line_1_14' title="bbox 431 2388 1766 2489; baseline -0.001 -18"><span class='ocrx_word' id='word_1_104' title='bbox 431 2396 519 2471; x_wconf 84' lang='lat' dir='ltr'><strong>ville</strong></span> <span class='ocrx_word' id='word_1_105' title='bbox 535 2436 544 2455; x_wconf 92' lang='lat'><strong>·</strong></span> <span class='ocrx_word' id='word_1_106' title='bbox 559 2393 620 2489; x_wconf 87' lang='lat' dir='ltr'><strong>qui</strong></span> <span class='ocrx_word' id='word_1_107' title='bbox 632 2415 696 2488; x_wconf 87' lang='lat' dir='ltr'><strong>pro</strong></span> <span class='ocrx_word' id='word_1_108' title='bbox 707 2389 823 2466; x_wconf 88' lang='lat' dir='ltr'><strong>salute</strong></span> <span class='ocrx_word' id='word_1_109' title='bbox 840 2388 961 2465; x_wconf 86' lang='lat' dir='ltr'><strong>nostra</strong></span> <span class='ocrx_word' id='word_1_110' title='bbox 976 2400 1017 2466; x_wconf 87' lang='lat' dir='ltr'><strong>et</strong></span> <span class='ocrx_word' id='word_1_111' title='bbox 1035 2391 1205 2465; x_wconf 87' lang='lat' dir='ltr'><strong>Ysabelle</strong></span> <span class='ocrx_word' id='word_1_112' title='bbox 1223 2390 1349 2488; x_wconf 86' lang='lat' dir='ltr'><strong>sponse</strong></span> <span class='ocrx_word' id='word_1_113' title='bbox 1359 2390 1479 2465; x_wconf 87' lang='lat' dir='ltr'><strong>nostre</strong></span> <span class='ocrx_word' id='word_1_114' title='bbox 1495 2400 1534 2466; x_wconf 90' lang='lat' dir='ltr'><strong>et</strong></span> <span class='ocrx_word' id='word_1_115' title='bbox 1549 2417 1615 2488; x_wconf 93' lang='lat' dir='ltr'><strong>pro</strong></span> <span class='ocrx_word' id='word_1_116' title='bbox 1629 2398 1766 2471; x_wconf 77' lang='lat' dir='ltr'><strong>cunttis</strong></span> 
     </span>
     <span class='ocr_line' id='line_1_15' title="bbox 432 2503 1767 2603; baseline 0 -21"><span class='ocrx_word' id='word_1_117' title='bbox 432 2508 599 2582; x_wconf 83' lang='lat' dir='ltr'><strong>fidelibus</strong></span> <span class='ocrx_word' id='word_1_118' title='bbox 615 2504 794 2577; x_wconf 71' lang='lat' dir='ltr'><strong>defundis</strong></span> <span class='ocrx_word' id='word_1_119' title='bbox 811 2503 937 2577; x_wconf 89' lang='lat' dir='ltr'><strong>diuina</strong></span> <span class='ocrx_word' id='word_1_120' title='bbox 952 2504 1150 2579; x_wconf 78' lang='lat' dir='ltr'><strong>celebrabit</strong></span> <span class='ocrx_word' id='word_1_121' title='bbox 1166 2506 1206 2577; x_wconf 91' lang='lat' dir='ltr'><strong>in</strong></span> <span class='ocrx_word' id='word_1_122' title='bbox 1222 2504 1423 2600; x_wconf 84' lang='lat' dir='ltr'><strong>capellada</strong></span> <span class='ocrx_word' id='word_1_123' title='bbox 1439 2527 1536 2578; x_wconf 87' lang='lat' dir='ltr'><strong>nouo</strong></span> <span class='ocrx_word' id='word_1_124' title='bbox 1552 2507 1666 2603; x_wconf 86' lang='lat' dir='ltr'><strong>burgo</strong></span> <span class='ocrx_word' id='word_1_125' title='bbox 1677 2549 1685 2567; x_wconf 91' lang='lat'><strong>·</strong></span> <span class='ocrx_word' id='word_1_126' title='bbox 1698 2507 1767 2582; x_wconf 87' lang='lat' dir='ltr'><strong>Te·</strong></span> 
     </span>
     <span class='ocr_line' id='line_1_16' title="bbox 432 2614 1766 2714; baseline -0.001 -20"><span class='ocrx_word' id='word_1_127' title='bbox 432 2621 589 2694; x_wconf 85' lang='lat' dir='ltr'><strong>nendum</strong></span> <span class='ocrx_word' id='word_1_128' title='bbox 606 2627 645 2691; x_wconf 87' lang='lat' dir='ltr'><strong>et</strong></span> <span class='ocrx_word' id='word_1_129' title='bbox 663 2616 868 2689; x_wconf 88' lang='lat' dir='ltr'><strong>habendam</strong></span> <span class='ocrx_word' id='word_1_130' title='bbox 892 2614 1027 2689; x_wconf 88' lang='lat' dir='ltr'><strong>eisdem</strong></span> <span class='ocrx_word' id='word_1_131' title='bbox 1051 2617 1268 2712; x_wconf 88' lang='lat' dir='ltr'><strong>pauperibus</strong></span> <span class='ocrx_word' id='word_1_132' title='bbox 1284 2618 1324 2689; x_wconf 91' lang='lat' dir='ltr'><strong>in</strong></span> <span class='ocrx_word' id='word_1_133' title='bbox 1347 2638 1474 2712; x_wconf 88' lang='lat' dir='ltr'><strong>puram</strong></span> <span class='ocrx_word' id='word_1_134' title='bbox 1491 2626 1531 2690; x_wconf 90' lang='lat' dir='ltr'><strong>et</strong></span> <span class='ocrx_word' id='word_1_135' title='bbox 1555 2630 1766 2714; x_wconf 85' lang='lat' dir='ltr'><strong>perpetuam</strong></span> 
     </span>
     <span class='ocr_line' id='line_1_17' title="bbox 432 2724 1766 2830; baseline -0.001 -22"><span class='ocrx_word' id='word_1_136' title='bbox 432 2727 664 2809; x_wconf 85' lang='lat' dir='ltr'><strong>elemosrnam</strong></span> <span class='ocrx_word' id='word_1_137' title='bbox 687 2728 776 2801; x_wconf 88' lang='lat' dir='ltr'><strong>adeo</strong></span> <span class='ocrx_word' id='word_1_138' title='bbox 794 2727 906 2801; x_wconf 91' lang='lat' dir='ltr'><strong>libere</strong></span> <span class='ocrx_word' id='word_1_139' title='bbox 931 2736 971 2802; x_wconf 90' lang='lat' dir='ltr'><strong>et</strong></span> <span class='ocrx_word' id='word_1_140' title='bbox 992 2728 1117 2822; x_wconf 88' lang='lat' dir='ltr'><strong>quiete</strong></span> <span class='ocrx_word' id='word_1_141' title='bbox 1133 2724 1225 2802; x_wconf 86' lang='lat' dir='ltr'><strong>ficut</strong></span> <span class='ocrx_word' id='word_1_142' title='bbox 1242 2728 1361 2822; x_wconf 88' lang='lat' dir='ltr'><strong>alique</strong></span> <span class='ocrx_word' id='word_1_143' title='bbox 1376 2724 1570 2803; x_wconf 84' lang='lat' dir='ltr'><strong>elemofina</strong></span> <span class='ocrx_word' id='word_1_144' title='bbox 1595 2732 1634 2803; x_wconf 93' lang='lat' dir='ltr'><strong>in</strong></span> <span class='ocrx_word' id='word_1_145' title='bbox 1655 2755 1766 2830; x_wconf 84' lang='lat' dir='ltr'><strong>reguo</strong></span> 
     </span>
     <span class='ocr_line' id='line_1_18' title="bbox 376 2836 1766 2936; baseline -0.002 -16"><span class='ocrx_word' id='word_1_146' title='bbox 376 2866 381 2873; x_wconf 85' lang='lat'><strong>·</strong></span> <span class='ocrx_word' id='word_1_147' title='bbox 434 2846 561 2920; x_wconf 88' lang='lat' dir='ltr'><strong>Soooie</strong></span> <span class='ocrx_word' id='word_1_148' title='bbox 577 2842 724 2915; x_wconf 85' lang='lat' dir='ltr'><strong>liberius</strong></span> <span class='ocrx_word' id='word_1_149' title='bbox 737 2848 775 2913; x_wconf 90' lang='lat' dir='ltr'><strong>et</strong></span> <span class='ocrx_word' id='word_1_150' title='bbox 789 2841 951 2934; x_wconf 87' lang='lat' dir='ltr'><strong>quiecius</strong></span> <span class='ocrx_word' id='word_1_151' title='bbox 961 2841 1173 2913; x_wconf 81' lang='lat' dir='ltr'><strong>conceditur</strong></span> <span class='ocrx_word' id='word_1_152' title='bbox 1185 2850 1223 2915; x_wconf 87' lang='lat' dir='ltr'><strong>et</strong></span> <span class='ocrx_word' id='word_1_153' title='bbox 1236 2836 1432 2936; x_wconf 85' lang='lat' dir='ltr'><strong>poffidetur</strong></span> <span class='ocrx_word' id='word_1_154' title='bbox 1447 2879 1456 2897; x_wconf 95' lang='lat'><strong>·</strong></span> <span class='ocrx_word' id='word_1_155' title='bbox 1470 2852 1509 2914; x_wconf 88' lang='lat' dir='ltr'><strong>et</strong></span> <span class='ocrx_word' id='word_1_156' title='bbox 1525 2852 1680 2936; x_wconf 89' lang='lat' dir='ltr'><strong>quatuor</strong></span> <span class='ocrx_word' id='word_1_157' title='bbox 1695 2846 1766 2917; x_wconf 91' lang='lat' dir='ltr'><strong>cel-</strong></span> 
     </span>
     <span class='ocr_line' id='line_1_19' title="bbox 433 2952 1767 3050; baseline -0.004 -17"><span class='ocrx_word' id='word_1_158' title='bbox 433 2962 514 3033; x_wconf 84' lang='lat' dir='ltr'><strong>dras</strong></span> <span class='ocrx_word' id='word_1_159' title='bbox 530 2967 570 3030; x_wconf 90' lang='lat' dir='ltr'><strong>et</strong></span> <span class='ocrx_word' id='word_1_160' title='bbox 586 2953 857 3050; x_wconf 87' lang='lat' dir='ltr'><strong>quatuordecim</strong></span> <span class='ocrx_word' id='word_1_161' title='bbox 872 2952 987 3025; x_wconf 87' lang='lat' dir='ltr'><strong>bollas</strong></span> <span class='ocrx_word' id='word_1_162' title='bbox 998 2952 1115 3026; x_wconf 86' lang='lat' dir='ltr'><strong>farine</strong></span> <span class='ocrx_word' id='word_1_163' title='bbox 1130 2975 1247 3026; x_wconf 86' lang='lat' dir='ltr'><strong>auene</strong></span> <span class='ocrx_word' id='word_1_164' title='bbox 1256 2952 1445 3026; x_wconf 87' lang='lat' dir='ltr'><strong>annuatim</strong></span> <span class='ocrx_word' id='word_1_165' title='bbox 1455 2954 1501 3025; x_wconf 89' lang='lat' dir='ltr'><strong>de</strong></span> <span class='ocrx_word' id='word_1_166' title='bbox 1512 2953 1615 3026; x_wconf 87' lang='lat' dir='ltr'><strong>firma</strong></span> <span class='ocrx_word' id='word_1_167' title='bbox 1629 2954 1767 3029; x_wconf 91' lang='lat' dir='ltr'><strong>molen·</strong></span> 
     </span>
     <span class='ocr_line' id='line_1_20' title="bbox 432 3060 1768 3161; baseline -0.004 -15"><span class='ocrx_word' id='word_1_168' title='bbox 432 3073 509 3146; x_wconf 91' lang='lat' dir='ltr'><strong>dini</strong></span> <span class='ocrx_word' id='word_1_169' title='bbox 531 3066 642 3142; x_wconf 84' lang='lat' dir='ltr'><strong>nostri</strong></span> <span class='ocrx_word' id='word_1_170' title='bbox 664 3067 709 3139; x_wconf 86' lang='lat' dir='ltr'><strong>dc</strong></span> <span class='ocrx_word' id='word_1_171' title='bbox 727 3064 850 3161; x_wconf 82' lang='lat' dir='ltr'><strong>Furuy</strong></span> <span class='ocrx_word' id='word_1_172' title='bbox 874 3066 921 3137; x_wconf 89' lang='lat' dir='ltr'><strong>ad</strong></span> <span class='ocrx_word' id='word_1_173' title='bbox 937 3086 1062 3137; x_wconf 82' lang='lat' dir='ltr'><strong>eomm</strong></span> <span class='ocrx_word' id='word_1_174' title='bbox 1085 3060 1383 3138; x_wconf 86' lang='lat' dir='ltr'><strong>sustentationem</strong></span> <span class='ocrx_word' id='word_1_175' title='bbox 1407 3089 1471 3159; x_wconf 90' lang='lat' dir='ltr'><strong>per</strong></span> <span class='ocrx_word' id='word_1_176' title='bbox 1494 3088 1621 3139; x_wconf 88' lang='lat' dir='ltr'><strong>manus</strong></span> <span class='ocrx_word' id='word_1_177' title='bbox 1643 3067 1768 3141; x_wconf 90' lang='lat' dir='ltr'><strong>balliui</strong></span> 
     </span>
     <span class='ocr_line' id='line_1_21' title="bbox 432 3175 1767 3273; baseline -0.004 -14"><span class='ocrx_word' id='word_1_178' title='bbox 432 3181 543 3259; x_wconf 89' lang='lat' dir='ltr'><strong>nostri</strong></span> <span class='ocrx_word' id='word_1_179' title='bbox 561 3182 606 3253; x_wconf 89' lang='lat' dir='ltr'><strong>de</strong></span> <span class='ocrx_word' id='word_1_180' title='bbox 623 3177 753 3273; x_wconf 84' lang='lat' dir='ltr'><strong>Slanys</strong></span> <span class='ocrx_word' id='word_1_181' title='bbox 769 3180 832 3271; x_wconf 89' lang='lat' dir='ltr'><strong>qui</strong></span> <span class='ocrx_word' id='word_1_182' title='bbox 847 3200 912 3272; x_wconf 90' lang='lat' dir='ltr'><strong>pro</strong></span> <span class='ocrx_word' id='word_1_183' title='bbox 929 3185 1092 3271; x_wconf 87' lang='lat' dir='ltr'><strong>tempore</strong></span> <span class='ocrx_word' id='word_1_184' title='bbox 1109 3177 1219 3249; x_wconf 81' lang='lat' dir='ltr'><strong>fuerit</strong></span> <span class='ocrx_word' id='word_1_185' title='bbox 1234 3177 1480 3272; x_wconf 85' lang='lat' dir='ltr'><strong>percipiendas</strong></span> <span class='ocrx_word' id='word_1_186' title='bbox 1497 3214 1505 3235; x_wconf 92' lang='lat'><strong>·</strong></span> <span class='ocrx_word' id='word_1_187' title='bbox 1524 3175 1767 3253; x_wconf 85' lang='lat' dir='ltr'><strong>Conceffimus</strong></span> 
     </span>
     <span class='ocr_line' id='line_1_22' title="bbox 433 3284 1767 3385; baseline -0.004 -15"><span class='ocrx_word' id='word_1_188' title='bbox 433 3299 545 3371; x_wconf 86' lang='lat' dir='ltr'><strong>etiam</strong></span> <span class='ocrx_word' id='word_1_189' title='bbox 570 3290 704 3366; x_wconf 88' lang='lat' dir='ltr'><strong>eisdem</strong></span> <span class='ocrx_word' id='word_1_190' title='bbox 730 3290 949 3385; x_wconf 84' lang='lat' dir='ltr'><strong>pauperibus</strong></span> <span class='ocrx_word' id='word_1_191' title='bbox 974 3288 1021 3361; x_wconf 86' lang='lat' dir='ltr'><strong>ad</strong></span> <span class='ocrx_word' id='word_1_192' title='bbox 1049 3311 1173 3363; x_wconf 83' lang='lat' dir='ltr'><strong>comm</strong></span> <span class='ocrx_word' id='word_1_193' title='bbox 1203 3284 1375 3361; x_wconf 85' lang='lat' dir='ltr'><strong>vestitum</strong></span> <span class='ocrx_word' id='word_1_194' title='bbox 1409 3288 1605 3363; x_wconf 83' lang='lat' dir='ltr'><strong>ottodecim</strong></span> <span class='ocrx_word' id='word_1_195' title='bbox 1636 3287 1767 3365; x_wconf 84' lang='lat' dir='ltr'><strong>solidos</strong></span> 
     </span>
     <span class='ocr_line' id='line_1_23' title="bbox 430 3395 1768 3501; baseline -0.005 -19"><span class='ocrx_word' id='word_1_196' title='bbox 430 3406 682 3501; x_wconf 83' lang='lat' dir='ltr'><strong>sterlingomm</strong></span> <span class='ocrx_word' id='word_1_197' title='bbox 704 3402 891 3475; x_wconf 86' lang='lat' dir='ltr'><strong>annuatim</strong></span> <span class='ocrx_word' id='word_1_198' title='bbox 908 3400 955 3474; x_wconf 90' lang='lat' dir='ltr'><strong>ad</strong></span> <span class='ocrx_word' id='word_1_199' title='bbox 979 3395 1111 3473; x_wconf 86' lang='lat' dir='ltr'><strong>festum</strong></span> <span class='ocrx_word' id='word_1_200' title='bbox 1128 3396 1239 3473; x_wconf 64' lang='lat' dir='ltr'><strong>sandi</strong></span> <span class='ocrx_word' id='word_1_201' title='bbox 1256 3399 1410 3473; x_wconf 86' lang='lat' dir='ltr'><strong>Martini</strong></span> <span class='ocrx_word' id='word_1_202' title='bbox 1427 3402 1464 3473; x_wconf 91' lang='lat' dir='ltr'><strong>in</strong></span> <span class='ocrx_word' id='word_1_203' title='bbox 1488 3422 1593 3497; x_wconf 85' lang='lat' dir='ltr'><strong>yeme</strong></span> <span class='ocrx_word' id='word_1_204' title='bbox 1617 3404 1768 3499; x_wconf 89' lang='lat' dir='ltr'><strong>percipi-</strong></span> 
     </span>
     <span class='ocr_line' id='line_1_24' title="bbox 431 3510 1765 3608; baseline -0.005 -14"><span class='ocrx_word' id='word_1_205' title='bbox 431 3521 543 3595; x_wconf 90' lang='lat' dir='ltr'><strong>endos</strong></span> <span class='ocrx_word' id='word_1_206' title='bbox 559 3519 606 3591; x_wconf 90' lang='lat' dir='ltr'><strong>de</strong></span> <span class='ocrx_word' id='word_1_207' title='bbox 621 3516 734 3588; x_wconf 86' lang='lat' dir='ltr'><strong>firmis</strong></span> <span class='ocrx_word' id='word_1_208' title='bbox 750 3514 836 3587; x_wconf 89' lang='lat' dir='ltr'><strong>ville</strong></span> <span class='ocrx_word' id='word_1_209' title='bbox 848 3512 969 3587; x_wconf 88' lang='lat' dir='ltr'><strong>nostre</strong></span> <span class='ocrx_word' id='word_1_210' title='bbox 985 3514 1032 3587; x_wconf 91' lang='lat' dir='ltr'><strong>de</strong></span> <span class='ocrx_word' id='word_1_211' title='bbox 1044 3536 1140 3585; x_wconf 90' lang='lat' dir='ltr'><strong>nouo</strong></span> <span class='ocrx_word' id='word_1_212' title='bbox 1156 3513 1271 3608; x_wconf 79' lang='lat' dir='ltr'><strong>burgo</strong></span> <span class='ocrx_word' id='word_1_213' title='bbox 1286 3534 1352 3606; x_wconf 89' lang='lat' dir='ltr'><strong>per</strong></span> <span class='ocrx_word' id='word_1_214' title='bbox 1363 3535 1491 3585; x_wconf 90' lang='lat' dir='ltr'><strong>manus</strong></span> <span class='ocrx_word' id='word_1_215' title='bbox 1507 3510 1765 3608; x_wconf 76' lang='lat' dir='ltr'><strong>prepositorum</strong></span> 
     </span>
     <span class='ocr_line' id='line_1_25' title="bbox 431 3620 1766 3719; baseline -0.005 -12"><span class='ocrx_word' id='word_1_216' title='bbox 431 3629 590 3708; x_wconf 87' lang='lat' dir='ltr'><strong>eiusdem</strong></span> <span class='ocrx_word' id='word_1_217' title='bbox 601 3628 686 3700; x_wconf 83' lang='lat' dir='ltr'><strong>ville</strong></span> <span class='ocrx_word' id='word_1_218' title='bbox 698 3668 708 3687; x_wconf 91' lang='lat'><strong>·</strong></span> <span class='ocrx_word' id='word_1_219' title='bbox 719 3624 893 3699; x_wconf 88' lang='lat' dir='ltr'><strong>Preterea</strong></span> <span class='ocrx_word' id='word_1_220' title='bbox 908 3620 1142 3699; x_wconf 85' lang='lat' dir='ltr'><strong>conceffimus</strong></span> <span class='ocrx_word' id='word_1_221' title='bbox 1158 3621 1291 3697; x_wconf 83' lang='lat' dir='ltr'><strong>eisdem</strong></span> <span class='ocrx_word' id='word_1_222' title='bbox 1303 3624 1520 3719; x_wconf 86' lang='lat' dir='ltr'><strong>pauperibus</strong></span> <span class='ocrx_word' id='word_1_223' title='bbox 1536 3648 1766 3700; x_wconf 90' lang='lat' dir='ltr'><strong>communem</strong></span> 
     </span>
     <span class='ocr_line' id='line_1_26' title="bbox 429 3737 1766 3841; baseline -0.004 -22"><span class='ocrx_word' id='word_1_224' title='bbox 429 3741 609 3841; x_wconf 86' lang='lat' dir='ltr'><strong>pasturam</strong></span> <span class='ocrx_word' id='word_1_225' title='bbox 629 3741 675 3813; x_wconf 86' lang='lat' dir='ltr'><strong>ad</strong></span> <span class='ocrx_word' id='word_1_226' title='bbox 700 3737 762 3812; x_wconf 88' lang='lat' dir='ltr'><strong>sex</strong></span> <span class='ocrx_word' id='word_1_227' title='bbox 779 3762 904 3813; x_wconf 78' lang='lat' dir='ltr'><strong>vaccae</strong></span> <span class='ocrx_word' id='word_1_228' title='bbox 920 3739 959 3811; x_wconf 91' lang='lat' dir='ltr'><strong>in</strong></span> <span class='ocrx_word' id='word_1_229' title='bbox 986 3738 1168 3811; x_wconf 87' lang='lat' dir='ltr'><strong>territorio</strong></span> <span class='ocrx_word' id='word_1_230' title='bbox 1192 3737 1238 3809; x_wconf 91' lang='lat' dir='ltr'><strong>de</strong></span> <span class='ocrx_word' id='word_1_231' title='bbox 1262 3759 1359 3809; x_wconf 90' lang='lat' dir='ltr'><strong>nouo</strong></span> <span class='ocrx_word' id='word_1_232' title='bbox 1384 3738 1498 3833; x_wconf 80' lang='lat' dir='ltr'><strong>burgo</strong></span> <span class='ocrx_word' id='word_1_233' title='bbox 1523 3740 1710 3811; x_wconf 88' lang='lat' dir='ltr'><strong>annuatim</strong></span> <span class='ocrx_word' id='word_1_234' title='bbox 1727 3750 1766 3813; x_wconf 89' lang='lat' dir='ltr'><strong>et</strong></span> 
     </span>
     <span class='ocr_line' id='line_1_27' title="bbox 428 3848 1765 3945; baseline -0.004 -14"><span class='ocrx_word' id='word_1_235' title='bbox 428 3856 664 3931; x_wconf 86' lang='lat' dir='ltr'><strong>sufficientem</strong></span> <span class='ocrx_word' id='word_1_236' title='bbox 677 3849 972 3925; x_wconf 86' lang='lat' dir='ltr'><strong>sustentationem</strong></span> <span class='ocrx_word' id='word_1_237' title='bbox 989 3853 1028 3923; x_wconf 90' lang='lat' dir='ltr'><strong>in</strong></span> <span class='ocrx_word' id='word_1_238' title='bbox 1045 3849 1184 3945; x_wconf 88' lang='lat' dir='ltr'><strong>petario</strong></span> <span class='ocrx_word' id='word_1_239' title='bbox 1201 3848 1362 3924; x_wconf 85' lang='lat' dir='ltr'><strong>eiusdem</strong></span> <span class='ocrx_word' id='word_1_240' title='bbox 1386 3850 1456 3925; x_wconf 90' lang='lat' dir='ltr'><strong>loci</strong></span> <span class='ocrx_word' id='word_1_241' title='bbox 1473 3873 1556 3924; x_wconf 92' lang='lat' dir='ltr'><strong>cum</strong></span> <span class='ocrx_word' id='word_1_242' title='bbox 1573 3851 1687 3924; x_wconf 89' lang='lat' dir='ltr'><strong>libero</strong></span> <span class='ocrx_word' id='word_1_243' title='bbox 1712 3855 1765 3925; x_wconf 89' lang='lat' dir='ltr'><strong>in·</strong></span> 
     </span>
     <span class='ocr_line' id='line_1_28' title="bbox 427 3959 1763 4067; baseline -0.004 -24"><span class='ocrx_word' id='word_1_244' title='bbox 427 3965 545 4067; x_wconf 80' lang='lat' dir='ltr'><strong>greffir</strong></span> <span class='ocrx_word' id='word_1_245' title='bbox 561 3977 600 4041; x_wconf 89' lang='lat' dir='ltr'><strong>et</strong></span> <span class='ocrx_word' id='word_1_246' title='bbox 616 3959 751 4063; x_wconf 80' lang='lat' dir='ltr'><strong>egreffo</strong></span> <span class='ocrx_word' id='word_1_247' title='bbox 768 3965 805 4037; x_wconf 94' lang='lat' dir='ltr'><strong>in</strong></span> <span class='ocrx_word' id='word_1_248' title='bbox 823 3972 1039 4060; x_wconf 85' lang='lat' dir='ltr'><strong>perpetuum</strong></span> <span class='ocrx_word' id='word_1_249' title='bbox 1057 4004 1066 4022; x_wconf 93' lang='lat'><strong>·</strong></span> <span class='ocrx_word' id='word_1_250' title='bbox 1085 3960 1267 4036; x_wconf 89' lang='lat' dir='ltr'><strong>Volumus</strong></span> <span class='ocrx_word' id='word_1_251' title='bbox 1283 3973 1407 4035; x_wconf 88' lang='lat' dir='ltr'><strong>autem</strong></span> <span class='ocrx_word' id='word_1_252' title='bbox 1425 3963 1521 4057; x_wconf 90' lang='lat' dir='ltr'><strong>quud</strong></span> <span class='ocrx_word' id='word_1_253' title='bbox 1539 3986 1620 4036; x_wconf 89' lang='lat' dir='ltr'><strong>cum</strong></span> <span class='ocrx_word' id='word_1_254' title='bbox 1635 3965 1763 4059; x_wconf 87' lang='lat' dir='ltr'><strong>aliquis</strong></span> 
     </span>
     <span class='ocr_line' id='line_1_29' title="bbox 427 4072 1763 4176; baseline -0.004 -22"><span class='ocrx_word' id='word_1_255' title='bbox 427 4082 666 4176; x_wconf 71' lang='lat' dir='ltr'><strong>predit&#39;oorum</strong></span> <span class='ocrx_word' id='word_1_256' title='bbox 676 4098 875 4172; x_wconf 90' lang='lat' dir='ltr'><strong>pauperum</strong></span> <span class='ocrx_word' id='word_1_257' title='bbox 887 4072 1152 4149; x_wconf 81' lang='lat' dir='ltr'><strong>vniuerseviam</strong></span> <span class='ocrx_word' id='word_1_258' title='bbox 1164 4074 1280 4148; x_wconf 88' lang='lat' dir='ltr'><strong>carnis</strong></span> <span class='ocrx_word' id='word_1_259' title='bbox 1293 4074 1515 4171; x_wconf 78' lang='lat' dir='ltr'><strong>ingrediatur</strong></span> <span class='ocrx_word' id='word_1_260' title='bbox 1524 4075 1615 4149; x_wconf 88' lang='lat' dir='ltr'><strong>alius</strong></span> <span class='ocrx_word' id='word_1_261' title='bbox 1629 4100 1763 4173; x_wconf 85' lang='lat' dir='ltr'><strong>egenus</strong></span> 
     </span>
     <span class='ocr_line' id='line_1_30' title="bbox 426 4180 1764 4287; baseline -0.003 -21"><span class='ocrx_word' id='word_1_262' title='bbox 426 4193 505 4266; x_wconf 91' lang='lat' dir='ltr'><strong>loco</strong></span> <span class='ocrx_word' id='word_1_263' title='bbox 538 4188 647 4287; x_wconf 86' lang='lat' dir='ltr'><strong>ipfius</strong></span> <span class='ocrx_word' id='word_1_264' title='bbox 680 4188 727 4263; x_wconf 90' lang='lat' dir='ltr'><strong>ad</strong></span> <span class='ocrx_word' id='word_1_265' title='bbox 760 4188 891 4261; x_wconf 74' lang='lat' dir='ltr'><strong>dietam</strong></span> <span class='ocrx_word' id='word_1_266' title='bbox 923 4180 1153 4261; x_wconf 72' lang='lat' dir='ltr'><strong>elemosinam</strong></span> <span class='ocrx_word' id='word_1_267' title='bbox 1193 4182 1352 4259; x_wconf 88' lang='lat' dir='ltr'><strong>nostram</strong></span> <span class='ocrx_word' id='word_1_268' title='bbox 1391 4188 1659 4283; x_wconf 88' lang='lat' dir='ltr'><strong>percipiendam</strong></span> <span class='ocrx_word' id='word_1_269' title='bbox 1700 4214 1764 4285; x_wconf 84' lang='lat' dir='ltr'><strong>per</strong></span> 
     </span>
     <span class='ocr_line' id='line_1_31' title="bbox 425 4294 1762 4395; baseline -0.001 -19"><span class='ocrx_word' id='word_1_270' title='bbox 425 4327 491 4377; x_wconf 90' lang='lat' dir='ltr'><strong>nos</strong></span> <span class='ocrx_word' id='word_1_271' title='bbox 524 4312 563 4377; x_wconf 89' lang='lat' dir='ltr'><strong>et</strong></span> <span class='ocrx_word' id='word_1_272' title='bbox 595 4302 746 4376; x_wconf 84' lang='lat' dir='ltr'><strong>heredes</strong></span> <span class='ocrx_word' id='word_1_273' title='bbox 787 4296 925 4373; x_wconf 86' lang='lat' dir='ltr'><strong>nostros</strong></span> <span class='ocrx_word' id='word_1_274' title='bbox 958 4294 1194 4371; x_wconf 84' lang='lat' dir='ltr'><strong>substituatur</strong></span> <span class='ocrx_word' id='word_1_275' title='bbox 1225 4335 1235 4358; x_wconf 91' lang='lat'><strong>·</strong></span> <span class='ocrx_word' id='word_1_276' title='bbox 1272 4297 1456 4372; x_wconf 87' lang='lat' dir='ltr'><strong>Volumus</strong></span> <span class='ocrx_word' id='word_1_277' title='bbox 1490 4298 1636 4395; x_wconf 83' lang='lat' dir='ltr'><strong>insuper</strong></span> <span class='ocrx_word' id='word_1_278' title='bbox 1668 4303 1762 4395; x_wconf 89' lang='lat' dir='ltr'><strong>quod</strong></span> 
     </span>
     <span class='ocr_line' id='line_1_32' title="bbox 425 4409 1763 4511; baseline -0.001 -22"><span class='ocrx_word' id='word_1_279' title='bbox 425 4415 633 4511; x_wconf 86' lang='lat' dir='ltr'><strong>capellanus</strong></span> <span class='ocrx_word' id='word_1_280' title='bbox 662 4415 725 4508; x_wconf 92' lang='lat' dir='ltr'><strong>qui</strong></span> <span class='ocrx_word' id='word_1_281' title='bbox 758 4436 824 4508; x_wconf 90' lang='lat' dir='ltr'><strong>pro</strong></span> <span class='ocrx_word' id='word_1_282' title='bbox 856 4422 1020 4506; x_wconf 87' lang='lat' dir='ltr'><strong>tempore</strong></span> <span class='ocrx_word' id='word_1_283' title='bbox 1061 4413 1158 4507; x_wconf 87' lang='lat' dir='ltr'><strong>apud</strong></span> <span class='ocrx_word' id='word_1_284' title='bbox 1190 4432 1327 4484; x_wconf 89' lang='lat' dir='ltr'><strong>nouum</strong></span> <span class='ocrx_word' id='word_1_285' title='bbox 1364 4409 1522 4508; x_wconf 80' lang='lat' dir='ltr'><strong>burgum</strong></span> <span class='ocrx_word' id='word_1_286' title='bbox 1555 4414 1594 4485; x_wconf 93' lang='lat' dir='ltr'><strong>in</strong></span> <span class='ocrx_word' id='word_1_287' title='bbox 1624 4413 1763 4508; x_wconf 87' lang='lat' dir='ltr'><strong>capella</strong></span> 
     </span>
     <span class='ocr_line' id='line_1_33' title="bbox 425 4518 1764 4619; baseline -0.002 -19"><span class='ocrx_word' id='word_1_288' title='bbox 425 4527 559 4601; x_wconf 91' lang='lat' dir='ltr'><strong>ibidem</strong></span> <span class='ocrx_word' id='word_1_289' title='bbox 592 4523 795 4600; x_wconf 70' lang='lat' dir='ltr'><strong>construite</strong></span> <span class='ocrx_word' id='word_1_290' title='bbox 823 4548 889 4619; x_wconf 91' lang='lat' dir='ltr'><strong>pro</strong></span> <span class='ocrx_word' id='word_1_291' title='bbox 925 4522 1040 4597; x_wconf 87' lang='lat' dir='ltr'><strong>salute</strong></span> <span class='ocrx_word' id='word_1_292' title='bbox 1070 4526 1191 4597; x_wconf 89' lang='lat' dir='ltr'><strong>anime</strong></span> <span class='ocrx_word' id='word_1_293' title='bbox 1218 4518 1339 4597; x_wconf 87' lang='lat' dir='ltr'><strong>nostre</strong></span> <span class='ocrx_word' id='word_1_294' title='bbox 1373 4532 1413 4597; x_wconf 91' lang='lat' dir='ltr'><strong>et</strong></span> <span class='ocrx_word' id='word_1_295' title='bbox 1440 4522 1609 4599; x_wconf 83' lang='lat' dir='ltr'><strong>Ysnbelle</strong></span> <span class='ocrx_word' id='word_1_296' title='bbox 1637 4522 1764 4619; x_wconf 86' lang='lat' dir='ltr'><strong>sponse</strong></span> 
     </span>
    </p>
   </div>
   <div class='ocr_carea' id='block_1_5' title="bbox 0 0 2030 5534">
    <p class='ocr_par' dir='ltr' id='par_1_5' title="bbox 0 0 2030 5534">
     <span class='ocr_line' id='line_1_34' title="bbox 0 0 2030 5534; baseline 0 0"><span class='ocrx_word' id='word_1_297' title='bbox 0 0 2030 5534; x_wconf 95' lang='lat' dir='ltr'><strong> </strong></span> 
     </span>
    </p>
   </div>
  </div>
 </body>
</html>
