<?xml version="1.0" encoding="UTF-8"?>
<!DOCTYPE html PUBLIC "-//W3C//DTD XHTML 1.0 Transitional//EN"
    "http://www.w3.org/TR/xhtml1/DTD/xhtml1-transitional.dtd">
<html xmlns="http://www.w3.org/1999/xhtml" xml:lang="en" lang="en">
 <head>
  <title>
</title>
<meta http-equiv="Content-Type" content="text/html;charset=utf-8" />
  <meta name='ocr-system' content='tesseract 3.04.00' />
  <meta name='ocr-capabilities' content='ocr_page ocr_carea ocr_par ocr_line ocrx_word'/>
</head>
<body>
  <div class='ocr_page' id='page_1' title='image "./registrumepisco02innegoog_0281.png"; bbox 0 0 4050 5534; ppageno 0'>
   <div class='ocr_carea' id='block_1_1' title="bbox 248 686 1591 781">
    <p class='ocr_par' dir='ltr' id='par_1_1' title="bbox 248 686 1591 781">
     <span class='ocr_line' id='line_1_1' title="bbox 248 686 1591 781; baseline 0.007 -24"><span class='ocrx_word' id='word_1_1' title='bbox 248 688 348 781; x_wconf 68' lang='lat' dir='ltr'><strong>xva]</strong></span> <span class='ocrx_word' id='word_1_2' title='bbox 716 686 1122 762; x_wconf 81' lang='lat' dir='ltr'><strong>ABERDONENSE.</strong></span> <span class='ocrx_word' id='word_1_3' title='bbox 1523 700 1591 769; x_wconf 87' lang='lat'><strong>199</strong></span> 
     </span>
    </p>
   </div>
   <div class='ocr_carea' id='block_1_2' title="bbox 244 1000 1587 1189">
    <p class='ocr_par' dir='ltr' id='par_1_2' title="bbox 244 1000 1587 1189">
     <span class='ocr_line' id='line_1_2' title="bbox 244 1000 1587 1079; baseline 0.007 -9"><span class='ocrx_word' id='word_1_4' title='bbox 244 1000 522 1074; x_wconf 72' lang='lat' dir='ltr'><strong>quauuauluru</strong></span> <span class='ocrx_word' id='word_1_5' title='bbox 543 1022 867 1073; x_wconf 75' lang='lat' dir='ltr'><strong>onNAMuNrouUM</strong></span> <span class='ocrx_word' id='word_1_6' title='bbox 886 1023 1148 1075; x_wconf 74' lang='lat' dir='ltr'><strong>aunsulsmuu</strong></span> <span class='ocrx_word' id='word_1_7' title='bbox 1171 1024 1340 1075; x_wconf 73' lang='lat' dir='ltr'><strong>vluuinls</strong></span> <span class='ocrx_word' id='word_1_8' title='bbox 1361 1026 1587 1079; x_wconf 72' lang='lat' dir='ltr'><strong>nosuluaurs</strong></span> 
     </span>
     <span class='ocr_line' id='line_1_3' title="bbox 346 1129 1463 1189; baseline 0.003 -3"><span class='ocrx_word' id='word_1_9' title='bbox 346 1136 517 1187; x_wconf 76' lang='lat' dir='ltr'><strong>EIUSDEM</strong></span> <span class='ocrx_word' id='word_1_10' title='bbox 538 1136 614 1187; x_wconf 72' lang='lat' dir='ltr'><strong>Pus</strong></span> <span class='ocrx_word' id='word_1_11' title='bbox 631 1136 781 1187; x_wconf 85' lang='lat' dir='ltr'><strong>DlG&#39;l&#39;UM</strong></span> <span class='ocrx_word' id='word_1_12' title='bbox 801 1135 1072 1189; x_wconf 78' lang='lat' dir='ltr'><strong>REUERENDUM</strong></span> <span class='ocrx_word' id='word_1_13' title='bbox 1090 1137 1247 1188; x_wconf 76' lang='lat' dir='ltr'><strong>PATREM</strong></span> <span class='ocrx_word' id='word_1_14' title='bbox 1268 1129 1463 1189; x_wconf 66' lang='lat' dir='ltr'><strong>Fuluiam·</strong></span> 
     </span>
    </p>
   </div>
   <div class='ocr_carea' id='block_1_3' title="bbox 155 1316 1646 2221">
    <p class='ocr_par' dir='ltr' id='par_1_3' title="bbox 155 1316 1646 2221">
     <span class='ocr_line' id='line_1_4' title="bbox 249 1316 1646 1434; baseline 0.005 -23"><span class='ocrx_word' id='word_1_15' title='bbox 249 1316 438 1434; x_wconf 79' lang='lat' dir='ltr'>Imprimis</span> <span class='ocrx_word' id='word_1_16' title='bbox 456 1352 611 1434; x_wconf 88' lang='lat' dir='ltr'><strong>quatuor</strong></span> <span class='ocrx_word' id='word_1_17' title='bbox 628 1336 760 1412; x_wconf 77' lang='lat' dir='ltr'><strong>similes</strong></span> <span class='ocrx_word' id='word_1_18' title='bbox 777 1339 916 1434; x_wconf 83' lang='lat' dir='ltr'><strong>capelle</strong></span> <span class='ocrx_word' id='word_1_19' title='bbox 933 1342 972 1412; x_wconf 91' lang='lat' dir='ltr'><strong>in</strong></span> <span class='ocrx_word' id='word_1_20' title='bbox 998 1341 1166 1412; x_wconf 88' lang='lat' dir='ltr'><strong>omnibus</strong></span> <span class='ocrx_word' id='word_1_21' title='bbox 1192 1365 1275 1413; x_wconf 87' lang='lat' dir='ltr'><strong>cum</strong></span> <span class='ocrx_word' id='word_1_22' title='bbox 1294 1344 1410 1415; x_wconf 78' lang='lat' dir='ltr'><strong>tribus</strong></span> <span class='ocrx_word' id='word_1_23' title='bbox 1432 1344 1587 1418; x_wconf 80' lang='lat' dir='ltr'><strong>linthea-</strong></span> <span class='ocrx_word' id='word_1_24' title='bbox 1640 1416 1646 1425; x_wconf 82' lang='grc'><em>,</em></span> 
     </span>
     <span class='ocr_line' id='line_1_5' title="bbox 246 1452 1589 1549; baseline 0.004 -26"><span class='ocrx_word' id='word_1_25' title='bbox 246 1454 403 1525; x_wconf 85' lang='lat' dir='ltr'>minibus</span> <span class='ocrx_word' id='word_1_26' title='bbox 421 1455 560 1526; x_wconf 88' lang='lat' dir='ltr'><strong>duabus</strong></span> <span class='ocrx_word' id='word_1_27' title='bbox 585 1452 716 1548; x_wconf 89' lang='lat' dir='ltr'><strong>pbiolis</strong></span> <span class='ocrx_word' id='word_1_28' title='bbox 742 1453 882 1524; x_wconf 89' lang='lat' dir='ltr'><strong>duobus</strong></span> <span class='ocrx_word' id='word_1_29' title='bbox 902 1454 1126 1549; x_wconf 80' lang='lat' dir='ltr'><strong>manitergijs</strong></span> <span class='ocrx_word' id='word_1_30' title='bbox 1144 1456 1362 1547; x_wconf 84' lang='lat' dir='ltr'><strong>antependio</strong></span> <span class='ocrx_word' id='word_1_31' title='bbox 1386 1464 1425 1526; x_wconf 85' lang='lat' dir='ltr'><strong>et</strong></span> <span class='ocrx_word' id='word_1_32' title='bbox 1441 1456 1589 1529; x_wconf 81' lang='lat' dir='ltr'><strong>frontali</strong></span> 
     </span>
     <span class='ocr_line' id='line_1_6' title="bbox 246 1562 1587 1661; baseline 0.004 -26"><span class='ocrx_word' id='word_1_33' title='bbox 246 1588 327 1636; x_wconf 87' lang='lat' dir='ltr'><strong>oum</strong></span> <span class='ocrx_word' id='word_1_34' title='bbox 344 1568 453 1637; x_wconf 90' lang='lat' dir='ltr'><strong>armis</strong></span> <span class='ocrx_word' id='word_1_35' title='bbox 471 1567 564 1661; x_wconf 86' lang='lat' dir='ltr'><strong>regis</strong></span> <span class='ocrx_word' id='word_1_36' title='bbox 581 1575 620 1638; x_wconf 84' lang='lat' dir='ltr'><strong>et</strong></span> <span class='ocrx_word' id='word_1_37' title='bbox 633 1562 793 1638; x_wconf 88' lang='lat' dir='ltr'><strong>eiusdem</strong></span> <span class='ocrx_word' id='word_1_38' title='bbox 810 1567 1001 1637; x_wconf 85' lang='lat' dir='ltr'><strong>reuerendi</strong></span> <span class='ocrx_word' id='word_1_39' title='bbox 1012 1568 1126 1658; x_wconf 88' lang='lat' dir='ltr'><strong>patris</strong></span> <span class='ocrx_word' id='word_1_40' title='bbox 1143 1588 1227 1637; x_wconf 90' lang='lat' dir='ltr'><strong>oum</strong></span> <span class='ocrx_word' id='word_1_41' title='bbox 1241 1568 1432 1639; x_wconf 89' lang='lat' dir='ltr'><strong>armariolo</strong></span> <span class='ocrx_word' id='word_1_42' title='bbox 1450 1578 1488 1640; x_wconf 87' lang='lat' dir='ltr'><strong>et</strong></span> <span class='ocrx_word' id='word_1_43' title='bbox 1499 1572 1587 1641; x_wconf 92' lang='lat' dir='ltr'><strong>duo-</strong></span> 
     </span>
     <span class='ocr_line' id='line_1_7' title="bbox 155 1668 1587 1776; baseline 0.003 -27"><span class='ocrx_word' id='word_1_44' title='bbox 155 1668 158 1677; x_wconf 74' lang='grc'>’</span> <span class='ocrx_word' id='word_1_45' title='bbox 246 1680 313 1750; x_wconf 93' lang='lat' dir='ltr'><strong>bus</strong></span> <span class='ocrx_word' id='word_1_46' title='bbox 329 1676 501 1749; x_wconf 87' lang='lat' dir='ltr'><strong>sedilibus</strong></span> <span class='ocrx_word' id='word_1_47' title='bbox 526 1688 564 1749; x_wconf 76' lang='lat' dir='ltr'><strong>et</strong></span> <span class='ocrx_word' id='word_1_48' title='bbox 582 1674 736 1752; x_wconf 81' lang='lat' dir='ltr'><strong>scabello</strong></span> <span class='ocrx_word' id='word_1_49' title='bbox 763 1699 826 1771; x_wconf 92' lang='lat' dir='ltr'><strong>pro</strong></span> <span class='ocrx_word' id='word_1_50' title='bbox 852 1675 984 1749; x_wconf 81' lang='lat' dir='ltr'><strong>elerico</strong></span> <span class='ocrx_word' id='word_1_51' title='bbox 1009 1673 1238 1750; x_wconf 80' lang='lat' dir='ltr'><strong>ministrante</strong></span> <span class='ocrx_word' id='word_1_52' title='bbox 1263 1703 1417 1751; x_wconf 85' lang='lat' dir='ltr'><strong>vnaoum</strong></span> <span class='ocrx_word' id='word_1_53' title='bbox 1443 1686 1587 1776; x_wconf 81' lang='lat' dir='ltr'><strong>egregio</strong></span> 
     </span>
     <span class='ocr_line' id='line_1_8' title="bbox 248 1789 1588 1885; baseline 0.004 -24"><span class='ocrx_word' id='word_1_54' title='bbox 248 1789 414 1885; x_wconf 82' lang='lat' dir='ltr'><strong>psalterio</strong></span> <span class='ocrx_word' id='word_1_55' title='bbox 438 1814 522 1863; x_wconf 89' lang='lat' dir='ltr'><strong>oum</strong></span> <span class='ocrx_word' id='word_1_56' title='bbox 548 1790 672 1884; x_wconf 86' lang='lat' dir='ltr'><strong>figuris</strong></span> <span class='ocrx_word' id='word_1_57' title='bbox 702 1798 759 1860; x_wconf 85' lang='lat' dir='ltr'><strong>et·</strong></span> <span class='ocrx_word' id='word_1_58' title='bbox 775 1790 1002 1883; x_wconf 80' lang='lat' dir='ltr'><strong>ymaginibus</strong></span> <span class='ocrx_word' id='word_1_59' title='bbox 1028 1790 1222 1862; x_wconf 83' lang='lat' dir='ltr'><strong>cathenato</strong></span> <span class='ocrx_word' id='word_1_60' title='bbox 1248 1792 1343 1862; x_wconf 90' lang='lat' dir='ltr'><strong>douo</strong></span> <span class='ocrx_word' id='word_1_61' title='bbox 1374 1795 1588 1867; x_wconf 85' lang='lat' dir='ltr'><strong>venerabilis</strong></span> 
     </span>
     <span class='ocr_line' id='line_1_9' title="bbox 249 1884 1587 1998; baseline 0.005 -26"><span class='ocrx_word' id='word_1_62' title='bbox 249 1905 312 1973; x_wconf 85' lang='lat' dir='ltr'><strong>viri</strong></span> <span class='ocrx_word' id='word_1_63' title='bbox 330 1899 490 1998; x_wconf 87' lang='lat' dir='ltr'><strong>magistri</strong></span> <span class='ocrx_word' id='word_1_64' title='bbox 508 1901 710 1973; x_wconf 82' lang='lat' dir='ltr'><strong>Alexandri</strong></span> <span class='ocrx_word' id='word_1_65' title='bbox 728 1899 908 1993; x_wconf 87' lang='lat' dir='ltr'><strong>Gallouay</strong></span> <span class='ocrx_word' id='word_1_66' title='bbox 924 1903 1072 1973; x_wconf 75' lang='lat' dir='ltr'><strong>rebboris</strong></span> <span class='ocrx_word' id='word_1_67' title='bbox 1088 1926 1110 1972; x_wconf 94' lang='lat' dir='ltr'><strong>a</strong></span> <span class='ocrx_word' id='word_1_68' title='bbox 1127 1884 1292 1993; x_wconf 84' lang='lat' dir='ltr'><strong>Kynkell</strong></span> <span class='ocrx_word' id='word_1_69' title='bbox 1308 1940 1318 1958; x_wconf 91' lang='lat'><strong>·</strong></span> <span class='ocrx_word' id='word_1_70' title='bbox 1336 1926 1490 1976; x_wconf 86' lang='lat' dir='ltr'><strong>vnaoum</strong></span> <span class='ocrx_word' id='word_1_71' title='bbox 1516 1901 1587 1979; x_wconf 80' lang='lat' dir='ltr'><strong>alio</strong></span> 
     </span>
     <span class='ocr_line' id='line_1_10' title="bbox 248 2010 1585 2109; baseline 0.004 -23"><span class='ocrx_word' id='word_1_72' title='bbox 248 2015 465 2108; x_wconf 81' lang='lat' dir='ltr'><strong>antependio</strong></span> <span class='ocrx_word' id='word_1_73' title='bbox 483 2014 530 2084; x_wconf 85' lang='lat' dir='ltr'><strong>de</strong></span> <span class='ocrx_word' id='word_1_74' title='bbox 546 2036 642 2085; x_wconf 91' lang='lat' dir='ltr'><strong>nouo</strong></span> <span class='ocrx_word' id='word_1_75' title='bbox 660 2012 836 2085; x_wconf 79' lang='lat' dir='ltr'><strong>fabricato</strong></span> <span class='ocrx_word' id='word_1_76' title='bbox 862 2036 926 2106; x_wconf 84' lang='lat' dir='ltr'><strong>per</strong></span> <span class='ocrx_word' id='word_1_77' title='bbox 943 2013 1080 2085; x_wconf 64' lang='lat' dir='ltr'><strong>dilium</strong></span> <span class='ocrx_word' id='word_1_78' title='bbox 1106 2010 1316 2109; x_wconf 80' lang='lat' dir='ltr'><strong>magistrum</strong></span> <span class='ocrx_word' id='word_1_79' title='bbox 1334 2014 1585 2092; x_wconf 80' lang='lat' dir='ltr'><strong>Alexandrum</strong></span> 
     </span>
     <span class='ocr_line' id='line_1_11' title="bbox 250 2128 1552 2221; baseline 0.002 -26"><span class='ocrx_word' id='word_1_80' title='bbox 250 2138 286 2198; x_wconf 89' lang='lat' dir='ltr'><strong>vt</strong></span> <span class='ocrx_word' id='word_1_81' title='bbox 303 2136 406 2221; x_wconf 86' lang='lat' dir='ltr'><strong>patet</strong></span> <span class='ocrx_word' id='word_1_82' title='bbox 424 2128 583 2197; x_wconf 84' lang='lat' dir='ltr'><strong>intuenti</strong></span> <span class='ocrx_word' id='word_1_83' title='bbox 603 2168 611 2185; x_wconf 91' lang='lat'><strong>·</strong></span> <span class='ocrx_word' id='word_1_84' title='bbox 1548 2159 1552 2163; x_wconf 75' lang='grc'><strong>-</strong></span> 
     </span>
    </p>
   </div>
   <div class='ocr_carea' id='block_1_4' title="bbox 518 2501 1286 2574">
    <p class='ocr_par' dir='ltr' id='par_1_4' title="bbox 518 2501 1286 2574">
     <span class='ocr_line' id='line_1_12' title="bbox 518 2501 1286 2574; baseline -0.001 0"><span class='ocrx_word' id='word_1_85' title='bbox 518 2502 763 2574; x_wconf 75' lang='lat' dir='ltr'><strong>Onusununs</strong></span> <span class='ocrx_word' id='word_1_86' title='bbox 781 2521 939 2572; x_wconf 75' lang='lat' dir='ltr'><strong>aurinis</strong></span> <span class='ocrx_word' id='word_1_87' title='bbox 956 2523 1044 2574; x_wconf 84' lang='lat' dir='ltr'><strong>mur</strong></span> <span class='ocrx_word' id='word_1_88' title='bbox 1063 2501 1260 2573; x_wconf 73' lang='lat' dir='ltr'><strong>Mrumcu</strong></span> <span class='ocrx_word' id='word_1_89' title='bbox 1278 2544 1286 2559; x_wconf 94' lang='lat'><strong>·</strong></span> 
     </span>
    </p>
   </div>
   <div class='ocr_carea' id='block_1_5' title="bbox 173 2708 1587 3926">
    <p class='ocr_par' dir='ltr' id='par_1_5' title="bbox 173 2708 1587 3926">
     <span class='ocr_line' id='line_1_13' title="bbox 248 2708 1585 2826; baseline 0.003 -23"><span class='ocrx_word' id='word_1_90' title='bbox 248 2708 438 2826; x_wconf 87' lang='lat' dir='ltr'><strong>lmprimis</strong></span> <span class='ocrx_word' id='word_1_91' title='bbox 454 2738 608 2821; x_wconf 83' lang='lat' dir='ltr'><strong>quatuor</strong></span> <span class='ocrx_word' id='word_1_92' title='bbox 624 2727 863 2799; x_wconf 78' lang='lat' dir='ltr'>lintheamina</span> <span class='ocrx_word' id='word_1_93' title='bbox 879 2726 1021 2799; x_wconf 83' lang='lat' dir='ltr'><strong>altaris·</strong></span> <span class='ocrx_word' id='word_1_94' title='bbox 1039 2728 1110 2800; x_wconf 84' lang='lat' dir='ltr'><strong>due</strong></span> <span class='ocrx_word' id='word_1_95' title='bbox 1127 2726 1246 2800; x_wconf 84' lang='lat' dir='ltr'><strong>oasule</strong></span> <span class='ocrx_word' id='word_1_96' title='bbox 1264 2752 1335 2800; x_wconf 83' lang='lat' dir='ltr'><strong>vna</strong></span> <span class='ocrx_word' id='word_1_97' title='bbox 1351 2731 1521 2804; x_wconf 82' lang='lat' dir='ltr'><strong>videlieet</strong></span> <span class='ocrx_word' id='word_1_98' title='bbox 1539 2760 1585 2807; x_wconf 85' lang='lat' dir='ltr'><strong>ex</strong></span> 
     </span>
     <span class='ocr_line' id='line_1_14' title="bbox 246 2834 1586 2919; baseline 0.003 -4"><span class='ocrx_word' id='word_1_99' title='bbox 246 2843 330 2917; x_wconf 82' lang='lat' dir='ltr'><strong>billo</strong></span> <span class='ocrx_word' id='word_1_100' title='bbox 357 2838 603 2913; x_wconf 83' lang='lat' dir='ltr'><strong>villosaviridi</strong></span> <span class='ocrx_word' id='word_1_101' title='bbox 626 2838 742 2913; x_wconf 82' lang='lat' dir='ltr'><strong>altera</strong></span> <span class='ocrx_word' id='word_1_102' title='bbox 766 2862 813 2910; x_wconf 85' lang='lat' dir='ltr'><strong>ex</strong></span> <span class='ocrx_word' id='word_1_103' title='bbox 832 2834 928 2909; x_wconf 84' lang='lat' dir='ltr'><strong>veste</strong></span> <span class='ocrx_word' id='word_1_104' title='bbox 946 2839 1118 2912; x_wconf 82' lang='lat' dir='ltr'><strong>vndelata</strong></span> <span class='ocrx_word' id='word_1_105' title='bbox 1142 2840 1256 2911; x_wconf 87' lang='lat' dir='ltr'><strong>rubea</strong></span> <span class='ocrx_word' id='word_1_106' title='bbox 1280 2864 1363 2911; x_wconf 87' lang='lat' dir='ltr'><strong>oum</strong></span> <span class='ocrx_word' id='word_1_107' title='bbox 1390 2848 1586 2919; x_wconf 87' lang='lat' dir='ltr'><strong>earundem</strong></span> 
     </span>
     <span class='ocr_line' id='line_1_15' title="bbox 246 2948 1587 3046; baseline -0.001 -18"><span class='ocrx_word' id='word_1_108' title='bbox 246 2958 334 3029; x_wconf 92' lang='lat' dir='ltr'><strong>albis</strong></span> <span class='ocrx_word' id='word_1_109' title='bbox 352 2954 491 3027; x_wconf 62' lang='lat' dir='ltr'><strong>omibus</strong></span> <span class='ocrx_word' id='word_1_110' title='bbox 508 2948 608 3023; x_wconf 85' lang='lat' dir='ltr'><strong>stolis</strong></span> <span class='ocrx_word' id='word_1_111' title='bbox 621 2960 659 3023; x_wconf 84' lang='lat' dir='ltr'><strong>et</strong></span> <span class='ocrx_word' id='word_1_112' title='bbox 675 2949 870 3043; x_wconf 79' lang='lat' dir='ltr'><strong>manipulis</strong></span> <span class='ocrx_word' id='word_1_113' title='bbox 885 2952 985 3022; x_wconf 82' lang='lat' dir='ltr'><strong>zonis</strong></span> <span class='ocrx_word' id='word_1_114' title='bbox 1002 2960 1041 3021; x_wconf 85' lang='lat' dir='ltr'><strong>et</strong></span> <span class='ocrx_word' id='word_1_115' title='bbox 1058 2950 1139 3045; x_wconf 91' lang='lat' dir='ltr'><strong>alijs</strong></span> <span class='ocrx_word' id='word_1_116' title='bbox 1156 2952 1353 3022; x_wconf 85' lang='lat' dir='ltr'><strong>eorundem</strong></span> <span class='ocrx_word' id='word_1_117' title='bbox 1366 2964 1587 3046; x_wconf 78' lang='lat' dir='ltr'><strong>paramentis</strong></span> 
     </span>
     <span class='ocr_line' id='line_1_16' title="bbox 246 3059 1587 3157; baseline 0.001 -15"><span class='ocrx_word' id='word_1_118' title='bbox 246 3094 327 3142; x_wconf 87' lang='lat' dir='ltr'><strong>oum</strong></span> <span class='ocrx_word' id='word_1_119' title='bbox 340 3066 480 3139; x_wconf 88' lang='lat' dir='ltr'><strong>duobus</strong></span> <span class='ocrx_word' id='word_1_120' title='bbox 494 3062 736 3157; x_wconf 81' lang='lat' dir='ltr'><strong>corporalibus</strong></span> <span class='ocrx_word' id='word_1_121' title='bbox 754 3072 793 3135; x_wconf 82' lang='lat' dir='ltr'><strong>st</strong></span> <span class='ocrx_word' id='word_1_122' title='bbox 803 3059 972 3151; x_wconf 87' lang='lat' dir='ltr'><strong>custode·</strong></span> <span class='ocrx_word' id='word_1_123' title='bbox 989 3064 1085 3143; x_wconf 86' lang='lat' dir='ltr'><strong>dono</strong></span> <span class='ocrx_word' id='word_1_124' title='bbox 1096 3064 1277 3156; x_wconf 88' lang='lat' dir='ltr'><strong>quondam</strong></span> <span class='ocrx_word' id='word_1_125' title='bbox 1293 3068 1506 3140; x_wconf 84' lang='lat' dir='ltr'><strong>venerabilis</strong></span> <span class='ocrx_word' id='word_1_126' title='bbox 1520 3075 1587 3143; x_wconf 86' lang='lat' dir='ltr'><strong>viri</strong></span> 
     </span>
     <span class='ocr_line' id='line_1_17' title="bbox 247 3170 1587 3271; baseline 0.002 -18"><span class='ocrx_word' id='word_1_127' title='bbox 247 3183 382 3271; x_wconf 85' lang='lat' dir='ltr'><strong>domini</strong></span> <span class='ocrx_word' id='word_1_128' title='bbox 398 3176 527 3249; x_wconf 85' lang='lat' dir='ltr'><strong>lacobi</strong></span> <span class='ocrx_word' id='word_1_129' title='bbox 546 3174 778 3270; x_wconf 76' lang='lat' dir='ltr'><strong>Kyncraigyo</strong></span> <span class='ocrx_word' id='word_1_130' title='bbox 795 3175 921 3247; x_wconf 83' lang='lat' dir='ltr'><strong>decani</strong></span> <span class='ocrx_word' id='word_1_131' title='bbox 941 3170 1210 3247; x_wconf 84' lang='lat' dir='ltr'><strong>Aberdonenfis</strong></span> <span class='ocrx_word' id='word_1_132' title='bbox 1222 3198 1307 3246; x_wconf 85' lang='lat' dir='ltr'><strong>uum</strong></span> <span class='ocrx_word' id='word_1_133' title='bbox 1326 3177 1468 3250; x_wconf 90' lang='lat' dir='ltr'><strong>duobus</strong></span> <span class='ocrx_word' id='word_1_134' title='bbox 1485 3195 1587 3256; x_wconf 84' lang='lat' dir='ltr'><strong>ante-</strong></span> 
     </span>
     <span class='ocr_line' id='line_1_18' title="bbox 247 3286 1586 3389; baseline 0.001 -23"><span class='ocrx_word' id='word_1_135' title='bbox 247 3293 386 3389; x_wconf 91' lang='lat' dir='ltr'><strong>peudijs</strong></span> <span class='ocrx_word' id='word_1_136' title='bbox 402 3310 558 3383; x_wconf 86' lang='lat' dir='ltr'><strong>quorum</strong></span> <span class='ocrx_word' id='word_1_137' title='bbox 587 3311 699 3360; x_wconf 90' lang='lat' dir='ltr'><strong>vnum</strong></span> <span class='ocrx_word' id='word_1_138' title='bbox 726 3311 773 3359; x_wconf 86' lang='lat' dir='ltr'><strong>ex</strong></span> <span class='ocrx_word' id='word_1_139' title='bbox 800 3288 894 3359; x_wconf 93' lang='lat' dir='ltr'><strong>douo</strong></span> <span class='ocrx_word' id='word_1_140' title='bbox 908 3287 1136 3388; x_wconf 42' lang='lat' dir='ltr'><strong>&#39;venerabilis</strong></span> <span class='ocrx_word' id='word_1_141' title='bbox 1162 3289 1228 3357; x_wconf 85' lang='lat' dir='ltr'><strong>viri</strong></span> <span class='ocrx_word' id='word_1_142' title='bbox 1255 3286 1416 3383; x_wconf 80' lang='lat' dir='ltr'><strong>magistri</strong></span> <span class='ocrx_word' id='word_1_143' title='bbox 1434 3291 1586 3384; x_wconf 85' lang='lat' dir='ltr'><strong>Roberti</strong></span> 
     </span>
     <span class='ocr_line' id='line_1_19' title="bbox 248 3395 1586 3499; baseline 0.001 -22"><span class='ocrx_word' id='word_1_144' title='bbox 248 3405 408 3499; x_wconf 83' lang='lat' dir='ltr'><strong>Erlkyne</strong></span> <span class='ocrx_word' id='word_1_145' title='bbox 434 3401 560 3471; x_wconf 82' lang='lat' dir='ltr'><strong>decani</strong></span> <span class='ocrx_word' id='word_1_146' title='bbox 592 3395 862 3471; x_wconf 86' lang='lat' dir='ltr'><strong>Aberdonenfis</strong></span> <span class='ocrx_word' id='word_1_147' title='bbox 885 3399 1078 3471; x_wconf 84' lang='lat' dir='ltr'><strong>moderni·</strong></span> <span class='ocrx_word' id='word_1_148' title='bbox 1106 3398 1191 3471; x_wconf 92' lang='lat' dir='ltr'><strong>Duo</strong></span> <span class='ocrx_word' id='word_1_149' title='bbox 1220 3396 1371 3472; x_wconf 82' lang='lat' dir='ltr'><strong>millalia</strong></span> <span class='ocrx_word' id='word_1_150' title='bbox 1398 3424 1510 3474; x_wconf 89' lang='lat' dir='ltr'><strong>vnum</strong></span> <span class='ocrx_word' id='word_1_151' title='bbox 1538 3432 1586 3479; x_wconf 83' lang='lat' dir='ltr'><strong>ex</strong></span> 
     </span>
     <span class='ocr_line' id='line_1_20' title="bbox 173 3507 1586 3614; baseline 0.001 -24"><span class='ocrx_word' id='word_1_152' title='bbox 173 3520 176 3527; x_wconf 85' lang='lat'>&#39;</span> <span class='ocrx_word' id='word_1_153' title='bbox 246 3537 462 3614; x_wconf 79' lang='lat' dir='ltr'><strong>pergameno</strong></span> <span class='ocrx_word' id='word_1_154' title='bbox 487 3511 645 3583; x_wconf 78' lang='lat' dir='ltr'><strong>altorum</strong></span> <span class='ocrx_word' id='word_1_155' title='bbox 663 3534 710 3582; x_wconf 86' lang='lat' dir='ltr'><strong>ex</strong></span> <span class='ocrx_word' id='word_1_156' title='bbox 733 3512 857 3605; x_wconf 90' lang='lat' dir='ltr'><strong>papiro</strong></span> <span class='ocrx_word' id='word_1_157' title='bbox 883 3512 978 3584; x_wconf 92' lang='lat' dir='ltr'><strong>douo</strong></span> <span class='ocrx_word' id='word_1_158' title='bbox 1004 3507 1169 3582; x_wconf 76' lang='lat' dir='ltr'><strong>[imiliter</strong></span> <span class='ocrx_word' id='word_1_159' title='bbox 1196 3512 1280 3582; x_wconf 71' lang='lat' dir='ltr'><strong>diui</strong></span> <span class='ocrx_word' id='word_1_160' title='bbox 1298 3512 1435 3585; x_wconf 90' lang='lat' dir='ltr'><strong>domini</strong></span> <span class='ocrx_word' id='word_1_161' title='bbox 1456 3516 1586 3592; x_wconf 86' lang='lat' dir='ltr'><strong>Jacobi</strong></span> 
     </span>
     <span class='ocr_line' id='line_1_21' title="bbox 248 3618 1587 3724; baseline -0.008 -25"><span class='ocrx_word' id='word_1_162' title='bbox 248 3630 462 3724; x_wconf 83' lang='lat' dir='ltr'><strong>Kynoragye</strong></span> <span class='ocrx_word' id='word_1_163' title='bbox 480 3646 635 3695; x_wconf 87' lang='lat' dir='ltr'><strong>vnaoum</strong></span> <span class='ocrx_word' id='word_1_164' title='bbox 649 3618 863 3695; x_wconf 81' lang='lat' dir='ltr'><strong>eucharistia</strong></span> <span class='ocrx_word' id='word_1_165' title='bbox 872 3620 1032 3694; x_wconf 77' lang='lat' dir='ltr'><strong>eburnea</strong></span> <span class='ocrx_word' id='word_1_166' title='bbox 1044 3633 1083 3692; x_wconf 84' lang='lat' dir='ltr'><strong>ot</strong></span> <span class='ocrx_word' id='word_1_167' title='bbox 1101 3623 1241 3694; x_wconf 89' lang='lat' dir='ltr'><strong>duobus</strong></span> <span class='ocrx_word' id='word_1_168' title='bbox 1258 3624 1482 3696; x_wconf 80' lang='lat' dir='ltr'><strong>candelabris</strong></span> <span class='ocrx_word' id='word_1_169' title='bbox 1501 3652 1587 3721; x_wconf 86' lang='lat' dir='ltr'><strong>pen.</strong></span> 
     </span>
     <span class='ocr_line' id='line_1_22' title="bbox 246 3730 1583 3833; baseline 0.002 -20"><span class='ocrx_word' id='word_1_170' title='bbox 246 3743 338 3813; x_wconf 92' lang='lat' dir='ltr'><strong>dulis</strong></span> <span class='ocrx_word' id='word_1_171' title='bbox 355 3749 394 3810; x_wconf 82' lang='lat' dir='ltr'><strong>ot</strong></span> <span class='ocrx_word' id='word_1_172' title='bbox 411 3736 552 3808; x_wconf 88' lang='lat' dir='ltr'><strong>duobus</strong></span> <span class='ocrx_word' id='word_1_173' title='bbox 569 3733 792 3807; x_wconf 82' lang='lat' dir='ltr'><strong>candelabris</strong></span> <span class='ocrx_word' id='word_1_174' title='bbox 817 3732 923 3828; x_wconf 85' lang='lat' dir='ltr'><strong>super</strong></span> <span class='ocrx_word' id='word_1_175' title='bbox 938 3734 1052 3807; x_wconf 79' lang='lat' dir='ltr'><strong>altaro</strong></span> <span class='ocrx_word' id='word_1_176' title='bbox 1076 3759 1158 3806; x_wconf 92' lang='lat' dir='ltr'><strong>oum</strong></span> <span class='ocrx_word' id='word_1_177' title='bbox 1185 3730 1355 3807; x_wconf 83' lang='lat' dir='ltr'><strong>sedilibus</strong></span> <span class='ocrx_word' id='word_1_178' title='bbox 1381 3735 1583 3833; x_wconf 87' lang='lat' dir='ltr'><strong>sumptibus</strong></span> 
     </span>
     <span class='ocr_line' id='line_1_23' title="bbox 246 3846 653 3926; baseline -0.022 0"><span class='ocrx_word' id='word_1_179' title='bbox 246 3856 326 3926; x_wconf 72' lang='lat' dir='ltr'><strong>diui</strong></span> <span class='ocrx_word' id='word_1_180' title='bbox 345 3850 481 3922; x_wconf 88' lang='lat' dir='ltr'><strong>domini</strong></span> <span class='ocrx_word' id='word_1_181' title='bbox 499 3846 625 3919; x_wconf 85' lang='lat' dir='ltr'><strong>Jacobi</strong></span> <span class='ocrx_word' id='word_1_182' title='bbox 644 3885 653 3902; x_wconf 92' lang='lat'><strong>·</strong></span> 
     </span>
    </p>
   </div>
   <div class='ocr_carea' id='block_1_6' title="bbox 0 0 2030 5534">
    <p class='ocr_par' dir='ltr' id='par_1_6' title="bbox 0 0 2030 5534">
     <span class='ocr_line' id='line_1_24' title="bbox 0 0 2030 5534; baseline 0 0"><span class='ocrx_word' id='word_1_183' title='bbox 0 0 2030 5534; x_wconf 95' lang='lat' dir='ltr'><strong> </strong></span> 
     </span>
    </p>
   </div>
  </div>
 </body>
</html>
