4050 5534
412 644 486 710 244
929 633 1236 710 REGISTRUM
1601 637 1755 733 [sucum

544 777 560 814 ο

413 945 458 1020 In
478 967 739 1021 ouorcnmont
758 969 938 1020 rccnrorr
957 945 1267 1022 Auunoouuuers
1286 989 1294 1006 ·
1313 945 1460 1024 Lucrro
1481 971 1583 1022 mont
1603 947 1756 1022 Arocr-

737 1081 858 1134 mrsrs
873 1083 986 1134 onnrr
1002 1057 1030 1134 J
1032 1081 1203 1136 onnuure
1223 1084 1409 1137 nrosrom
1427 1101 1435 1118 ·

465 1287 509 1358 In
526 1288 654 1360 diebus
678 1283 751 1359 illie
769 1285 848 1383 Ego
861 1285 1050 1360 Johouneo
1067 1289 1140 1360 vidi
1158 1289 1346 1362 ciuitatem
1357 1283 1516 1360 sendum
1528 1285 1753 1360 Hierusalem

413 1421 544 1472 nouom
563 1399 841 1472 descendentem
863 1400 909 1472 de
925 1398 1006 1472 oeio
1030 1424 1053 1472 o
1070 1397 1151 1473 Deo
1176 1409 1339 1496 peratum
1356 1394 1448 1472 fient
1465 1397 1629 1492 sponsum
1653 1420 1756 1470 orna-

413 1521 489 1584 tum
515 1513 592 1584 viro
616 1509 680 1582 suo
713 1509 801 1582 ·Et
826 1511 950 1584 audiui
980 1533 1107 1586 rocem
1138 1534 1307 1610 mngnem
1331 1511 1378 1584 de
1416 1512 1548 1583 throno
1573 1510 1755 1583 dioentem

414 1622 511 1696 Eone
535 1623 810 1698 tubernaculum
836 1623 907 1696 Dei
924 1647 1008 1697 cum
1033 1625 1242 1698 homiuibus
1259 1636 1299 1696 et
1322 1621 1505 1697 habitabit
1530 1645 1613 1696 oum
1639 1625 1691 1695 eis
1716 1633 1755 1693 et

413 1731 479 1830 ipfi
495 1734 650 1831 populun
667 1737 747 1808 oiue
762 1746 872 1808 erunt
888 1744 928 1808 et
944 1734 1020 1831 ipse
1038 1735 1139 1809 Deus
1156 1758 1240 1809 cum
1258 1741 1311 1808 oie
1328 1737 1397 1808 erit
1414 1757 1541 1808 eorum
1558 1733 1660 1808 Deus
1677 1776 1686 1792 ·
1706 1733 1754 1804 Et

412 1844 594 1946 nbsterget
619 1847 722 1922 Deus
738 1870 885 1922 omnem
901 1847 1123 1943 lnohrymnm
1139 1849 1185 1921 nb
1202 1847 1317 1922 oeulis
1342 1870 1467 1920 eorum
1486 1858 1525 1919 et
1550 1870 1646 1919 mors
1664 1847 1756 1920 vitra

411 1983 486 2034 non
511 1963 582 2034 erit
599 1983 718 2055 noque
742 1959 863 2034 ludius
886 1982 1006 2054 noque
1031 1960 1169 2032 olemor
1191 1981 1310 2052 neque
1335 1957 1438 2032 dolor
1454 1961 1525 2032 erit
1551 1957 1647 2032 vitre
1673 1961 1757 2052 quio

413 2075 528 2168 primo
543 2075 738 2148 obiemnt·
758 2072 809 2147 Et
833 2073 929 2145 dixit
953 2073 1017 2166 qui
1043 2069 1190 2144 sedebot
1207 2072 1245 2144 in
1269 2069 1402 2144 throno
1428 2069 1526 2144 Eone
1551 2093 1647 2143 noue
1663 2071 1755 2144 inuio

413 2207 559 2258 ommn-

839 2631 1047 2708 Pnorrrurr
1069 2631 1332 2710 Srncronuu·

687 2859 733 2934 In
752 2881 818 2932 orn
838 2882 950 2932 nourr
970 2859 1139 2933 Anurun
1159 2903 1167 2919 ·
1187 2859 1252 2932 Ao
1273 2859 1491 2934 Roueuoo

467 3090 610 3162 Fratres
627 3127 636 3146 ·
654 3088 774 3160 Corde
790 3087 951 3158 creditur
965 3086 1011 3157 od
1037 3081 1213 3157 iustitium
1232 3107 1294 3157 ore
1311 3097 1436 3158 nutem
1453 3086 1498 3158 fit
1522 3081 1692 3159 eonfeffio
1709 3090 1755 3160 od

413 3203 566 3276 sulutem
584 3239 593 3257 ·
613 3198 713 3272 Dicit
738 3201 837 3271 enim
854 3197 1031 3292 scripture
1056 3199 1172 3268 omnio
1188 3199 1250 3290 qui
1268 3199 1386 3270 erodit
1402 3201 1440 3271 iu
1458 3197 1562 3272 ilium
1579 3221 1652 3270 non
1671 3223 1756 3272 con-

415 3316 612 3388 fuudetnr·
632 3310 719 3383 Non
745 3313 843 3383 euim
869 3305 923 3381 est
947 3305 1129 3382 distindtio
1147 3309 1251 3382 Iudei
1277 3319 1317 3382 et
1333 3309 1444 3382 Greci
1466 3333 1551 3384 nem
1569 3311 1666 3384 idem
1691 3315 1755 3384 do-

415 3431 535 3500 minue
557 3427 719 3496 omnium
744 3423 848 3496 diues
876 3425 914 3496 in
940 3443 1067 3494 omnes
1092 3423 1154 3516 qui
1180 3423 1354 3495 inuooent
1384 3422 1488 3496 illum
1513 3426 1632 3498 omnis
1653 3427 1777 3498 enim·

414 3541 632 3634 quicumque
648 3537 875 3608 inuoceuerit
890 3557 1025 3608 nomen
1041 3535 1179 3607 domini
1196 3533 1316 3608 selune
1338 3537 1409 3608 erit
1425 3573 1434 3594 ·
1452 3535 1643 3622 Quomodo
1669 3561 1754 3632 ergo

414 3651 636 3725 inuooebunt
647 3651 802 3743 inquom
813 3670 886 3719 uon
897 3645 1135 3721 crediderint?
1152 3646 1234 3720 Aut
1247 3649 1427 3740 quomodo
1437 3651 1587 3722 credent
1598 3651 1633 3722 ei
1643 3672 1752 3743 quem

415 3787 488 3836 non
513 3761 736 3835 audierunt?
763 3760 954 3846 Quomodo
965 3770 1091 3831 nutem
1108 3759 1289 3832 audierint
1306 3755 1381 3832 fine
1393 3761 1629 3854 predioentei
1654 3761 1753 3848 Quo-

413 3875 521 3947 modo
538 3895 623 3944 vero
639 3873 878 3966 predicebunt
902 3867 969 3944 niti
987 3869 1208 3944 mittuntur?
1234 3871 1340 3946 Siout
1357 3870 1528 3967 scriptum
1554 3871 1608 3946 est
1633 3873 1752 3958 Quum

413 3983 558 4082 speciosi
576 3985 687 4079 pedes
703 3983 1033 4080 euangeiiroutium
1050 4006 1178 4077 paoem
1195 3985 1525 4080 euangeiinentium
1542 3987 1661 4060 honn·
1680 3989 1751 4060 Sed

414 4121 487 4170 non
505 4119 630 4168 omnen
646 4097 823 4168 obediunt
839 4096 1049 4191 euangelio·
1069 4093 1179 4168 Isnino
1192 4097 1290 4168 enim
1308 4097 1397 4170 dioit
1414 4095 1574 4170 Domine
1586 4103 1667 4192 quie
1678 4123 1754 4172 ore·

414 4211 505 4282 didit
519 4210 659 4282 oudit'ui
670 4205 810 4281 nostro?
829 4207 927 4304 Ergo
936 4207 1026 4280 fidet
1038 4229 1084 4280 ex
1098 4209 1226 4282 auditu
1237 4211 1386 4283 auditus
1394 4219 1518 4284 nutem
1530 4214 1752 4305 perverbum

414 4319 545 4394 Christi
564 4360 572 4377 ·
599 4321 673 4394 Sed
691 4321 773 4394 dioo
791 4320 969 4415 Nunquid
985 4343 1061 4394 non
1078 4321 1294 4396 audierunt?
1320 4321 1534 4416 Et'quidem
1550 4326 1589 4396 in
1605 4347 1750 4397 omnem

419 4448 549 4506 terram
567 4435 683 4507 exiuit
701 4432 808 4506 sonus
825 4456 950 4506 eorum
968 4442 1008 4506 et
1025 4435 1063 4506 in
1080 4433 1171 4506 fines
1187 4435 1284 4508 orbis
1300 4443 1396 4526 terre
1414 4435 1523 4508 verbe
1538 4457 1665 4508 eorum
1682 4479 1690 4494 ·
