4050 5534
256 660 343 753 xa]
733 656 1137 730 Aannnoxsxsn.
1567 665 1613 736 77

255 861 304 928 ris
330 860 397 952 sijs
423 855 580 951 impoliti
608 866 646 927 vt
672 859 853 949 prefertur
881 899 889 916 ·
918 878 991 926 non
1018 852 1184 928 obstante
1210 857 1307 948 quod
1337 877 1402 926 nos
1430 865 1468 926 et
1495 854 1609 928 seliois

255 971 516 1042 reeordationis
530 969 713 1042 Henrious
730 963 953 1062 predeoelsor
965 964 1087 1039 noster
1100 967 1228 1039 vltimo
1243 968 1433 1040 dosunotus
1445 967 1608 1039 tabulam

255 1091 294 1152 et
325 1083 492 1154 denarios
525 1082 727 1153 antedittos
751 1081 954 1174 recepimus
984 1081 1022 1150 in
1050 1081 1184 1152 fabrice
1213 1077 1418 1174 sumptuose
1447 1080 1608 1150 fauorem

255 1189 406 1265 eoeleste
436 1189 557 1264 nostre
587 1192 765 1286 prelibato
793 1231 801 1248 ·
829 1201 868 1264 ot
898 1191 966 1263 hoo
995 1193 1042 1264 ad
1071 1202 1284 1285 perpetuam
1314 1195 1366 1263 rei
1397 1193 1608 1262 memoriam

254 1306 425 1376 omnibus
442 1315 481 1376 et
499 1300 649 1400 singulis
665 1313 741 1375 tam
758 1301 987 1397 presentibus
1004 1325 1112 1396 quam
1130 1303 1262 1374 suturis
1279 1324 1432 1396 quorum
1458 1299 1607 1373 interest

256 1417 315 1487 vel
340 1411 509 1488 interesse
534 1417 671 1510 poterit
696 1425 825 1486 notum
849 1413 1003 1486 facimus
1021 1425 1059 1487 et
1077 1425 1203 1486 tenore
1226 1412 1446 1509 presentium
1465 1425 1504 1486 vt
1529 1437 1608 1508 pre·

255 1530 418 1600 mittitur
447 1527 672 1600 declaramus
701 1565 710 1586 ·
738 1525 878 1599 Datum
907 1525 973 1598 sub
1003 1523 1119 1622 figillo
1149 1521 1268 1598 nostro
1299 1528 1485 1599 autentico
1510 1527 1606 1620 apud

255 1640 472 1712 Abbirdone
500 1638 630 1710 vltimo
661 1639 720 1710 die
754 1635 885 1709 mensis
914 1633 1073 1733 Augusti
1107 1661 1203 1711 anno
1234 1638 1382 1710 Domini
1417 1634 1606 1710 millefimo

255 1745 609 1848 quadringentesimo
627 1745 922 1844 quinquagesimo
939 1747 1043 1821 sexto
1062 1793 1070 1812 ·

673 2306 970 2381 ORDINAxlo
1001 2307 1192 2381 CHORI·

256 2648 315 2720 De
349 2647 576 2719 ordinatione
610 2645 710 2716 ohori
745 2640 894 2717 ecclesie
929 2643 1146 2717 cathedralis
1175 2644 1460 2718 Abbirdonensrs
1490 2659 1528 2720 et
1560 2648 1604 2720 de

255 2757 471 2832 stationibus
499 2753 709 2829 seffionibus
734 2767 773 2828 et
797 2752 1091 2828 oonuersronibus
1108 2757 1153 2827 ad
1179 2759 1376 2830 matutinas
1402 2757 1538 2832 missam
1567 2774 1604 2832 et

254 2871 421 2967 resperas
437 2873 475 2942 in
493 2871 621 2942 eodem
638 2869 812 2940 iaciendis
838 2878 913 2940 tam
932 2870 969 2938 in
988 2868 1087 2960 ferijs
1105 2891 1212 2960 quam
1231 2871 1268 2939 in
1287 2865 1386 2942 festis
1403 2894 1469 2964 per
1484 2882 1604 2943 totum

254 3007 420 3055 annum·

259 3186 311 3280 ln
329 3205 500 3300 superiori
526 3203 641 3299 gradu
666 3202 917 3297 principalium
945 3202 1176 3296 personarum
1194 3199 1299 3276 stalla
1316 3206 1414 3276 ohori
1432 3205 1515 3279 sunt
1533 3217 1605 3278 ter-

253 3319 404 3391 minalia
420 3316 558 3390 soilioet
574 3320 612 3387 in
630 3318 782 3387 introitu
804 3316 903 3387 ohori
921 3339 968 3387 ex
986 3323 1089 3408 parte
1115 3315 1329 3388 occidentali
1347 3341 1371 3389 a
1387 3318 1525 3390 dextris
1552 3317 1605 3390 est

253 3430 401 3503 stallum
414 3430 541 3501 decani
559 3451 581 3500 a
598 3423 744 3498 sinistris
757 3429 915 3500 oantoris
933 3467 941 3483 ·
961 3450 1007 3498 ex
1022 3437 1125 3519 parte
1139 3427 1306 3499 orientali
1324 3452 1345 3500 a
1363 3430 1492 3502 dextra
1503 3442 1605 3524 parte

252 3545 355 3615 chori
381 3537 603 3612 eststallum
631 3538 835 3632 oanoellarij
867 3562 913 3610 ex
944 3535 1107 3633 opposrto
1141 3538 1350 3635 thesaurarij
1379 3582 1387 3598 ·
1416 3565 1437 3613 a
1467 3544 1604 3614 dextris

252 3656 382 3726 deeani
395 3652 689 3724 archidiaconus·
705 3651 835 3722 deinde
849 3650 1035 3745 episeopus
1048 3675 1069 3723 a
1083 3651 1221 3724 dextris
1231 3650 1392 3723 eiusdem
1407 3695 1415 3710 ·
1429 3678 1452 3725 a
1465 3657 1602 3726 dextris

251 3768 413 3838 cantoris
430 3763 611 3856 Balheluy
627 3772 667 3834 et
684 3785 706 3833 a
723 3763 861 3834 dextris
887 3760 1044 3834 eiusdem
1065 3762 1280 3835 Murthlaoh
1298 3803 1306 3822 ·
1326 3765 1457 3836 deinde
1475 3766 1603 3859 reliqui

252 3878 420 3951 canonici
437 3898 481 3947 eo
498 3875 624 3945 ordine
642 3897 713 3966 quo
739 3876 876 3967 recepti
902 3875 1047 3946 fuerant
1071 3871 1268 3946 secundum
1294 3876 1457 3947 ordinem
1479 3880 1604 3971 priori-

252 3992 344 4061 tatis
374 3998 412 4059 ot
438 3983 712 4081 posterioritatis
739 4025 748 4042 ·
777 3981 856 4078 post
883 4009 945 4057 eos
972 4009 1018 4057 ex
1048 3995 1199 4077 vtrsque
1225 3995 1327 4078 parte
1353 3988 1473 4080 vioarij
1505 3989 1602 4060 chori

250 4100 453 4172 seeundum
479 4097 636 4170 eundem
654 4097 816 4169 ordinem
843 4121 890 4169 ex
917 4093 1178 4190 dispensatione
1195 4099 1233 4167 in
1251 4097 1378 4169 eodem
1404 4101 1517 4194 gradu
1541 4103 1603 4193 qui

250 4212 339 4284 sunt
360 4208 573 4306 presbiteri·
591 4207 720 4300 reliqui
747 4218 872 4280 autem
900 4207 1021 4279 olerioi
1049 4209 1111 4300 qui
1142 4231 1214 4280 non
1240 4205 1324 4281 sunt
1350 4209 1536 4302 presbiteri
1565 4214 1602 4282 in

249 4325 412 4397 seeundo
436 4323 550 4416 gradu
579 4329 666 4391 ants
693 4315 797 4391 stalla
823 4317 1004 4412 superiora
1022 4359 1030 4376 ·
1050 4313 1229 4413 postremo
1251 4320 1409 4392 sooolliti
1436 4333 1474 4394 et
1500 4328 1601 4417 pueri

249 4434 497 4526 ebdomadarij
526 4431 598 4503 suis
624 4432 663 4502 in
689 4429 777 4502 locis
803 4429 984 4503 consuetis
1010 4471 1018 4487 ·
1046 4431 1091 4511 de
1116 4430 1241 4524 officijs
1270 4455 1355 4504 vero
1382 4433 1601 4529 dignitatum

248 4543 405 4621 eoeleste
423 4543 528 4638 supra
543 4541 748 4615 scribuntur
765 4583 773 4600 ·
