4050 5534
240 641 349 737 mr]
714 636 1118 716 mnanorrumsu.
1507 651 1578 724 ars

238 841 364 916 Scotie
380 841 530 917 liberius
553 843 718 936 quieeius
735 848 776 915 et
791 839 1087 914 honorificentius
1111 847 1259 914 tenetur
1274 849 1339 914 aut
1354 835 1551 936 poffidetur
1567 881 1576 900 ·

236 955 290 1026 ita
305 954 403 1048 quod
426 952 550 1028 nullus
573 952 752 1026 heredum
775 947 978 1026 nostrornm
995 977 1019 1026 a
1034 951 1130 1026 dido
1152 949 1320 1048 hospitali
1340 953 1486 1048 aliquod
1501 953 1579 1028 exi·

237 1089 323 1161 gere
348 1062 532 1162 presumat
558 1060 625 1136 nisi
652 1063 743 1138 solas
767 1066 949 1138 orationes
977 1065 1025 1138 ad
1052 1062 1208 1138 salutem
1233 1065 1435 1140 animarum
1458 1106 1469 1126 ·
1495 1063 1577 1140 Nos

239 1199 323 1250 vero
339 1186 380 1250 et
393 1177 546 1251 heredes
561 1172 673 1249 nostri
688 1174 904 1250 forinsecum
921 1171 1110 1250 seruitium
1132 1175 1269 1250 domini
1286 1177 1381 1273 regis
1397 1187 1575 1272 quantum

238 1289 284 1362 ed
301 1287 414 1362 didas
428 1296 545 1362 terras
559 1289 723 1384 pertinet
747 1288 787 1361 in
810 1296 1029 1384 perpetuum
1050 1289 1226 1362 faciemus
1240 1311 1306 1384 pro
1322 1312 1394 1385 quo
1410 1290 1576 1364 volumus

237 1402 333 1496 quod
360 1397 543 1475 residuum
568 1409 666 1475 terre
689 1396 811 1474 nostre
834 1399 882 1474 de
898 1397 1018 1474 Onele
1051 1401 1090 1472 iu
1123 1407 1340 1496 perpetuum
1364 1398 1576 1497 respondeat

237 1523 276 1586 et
292 1513 485 1587 abeodem
502 1508 642 1586 residuo
666 1521 764 1586 terre
787 1508 908 1586 nostre
932 1513 980 1586 de
996 1510 1115 1586 Onele
1141 1510 1278 1586 didum
1301 1509 1489 1586 seruitium
1505 1515 1576 1588 for·

236 1622 396 1699 insenum
410 1625 579 1722 exigatur
595 1663 606 1683 ·
623 1622 705 1698 Nos
729 1631 854 1698 autem
870 1633 910 1697 et
926 1623 1079 1699 heredes
1104 1619 1216 1698 nostri
1241 1624 1376 1697 ditium
1397 1623 1575 1720 hospitale
1655 1716 1657 1722 ἲ

236 1740 275 1810 in
290 1733 449 1832 personis
464 1737 571 1810 ter-rin
595 1731 755 1832 eenlefijs
771 1744 810 1810 et
825 1734 934 1810 rebus
949 1737 1119 1810 omnibus
1140 1735 1336 1810 mobilibus
1353 1745 1392 1810 at
1408 1737 1575 1813 immobi-

236 1849 331 1923 libus
347 1857 388 1923 et
402 1849 569 1921 omnibus
581 1846 654 1921 suis
665 1846 895 1922 libertatibus
907 1858 1036 1924 eontra
1047 1870 1173 1922 omues
1184 1847 1350 1923 homines
1366 1856 1406 1922 et
1421 1847 1575 1924 seminus
1709 1841 1712 1850 ’

235 1961 556 2036 warandianbimus
575 1961 895 2036 manutenebimus
917 1960 1205 2056 aequietabimus
1233 1969 1271 2035 at
1295 1961 1335 2035 iu
1357 1973 1574 2058 perpetuum

235 2075 472 2148 defendemus
488 2113 497 2131 ·
515 2071 759 2148 Coueedimus
773 2070 919 2169 insuper
933 2073 1032 2168 quod
1047 2073 1169 2168 aliquo
1185 2073 1339 2146 fratrum
1355 2074 1441 2147 diiii
1457 2072 1574 2170 hospi·

233 2187 320 2260 telis
332 2196 456 2282 preter
471 2181 682 2281 magistrum
697 2184 852 2260 cedente
867 2185 927 2260 rel
943 2185 1145 2260 deaedente
1162 2186 1208 2259 de
1224 2183 1397 2259 consensu
1412 2187 1572 2284 magistri

233 2297 310 2372 srue
325 2294 483 2371 eustadis
497 2306 538 2370 et
552 2297 706 2370 fratrum
731 2294 891 2372 eiusdem
907 2296 1095 2392 hospitalis
1119 2297 1212 2371 alius
1229 2296 1310 2371 loco
1334 2295 1432 2372 illius
1447 2295 1573 2372 substi-

234 2419 380 2485 tuatur·
391 2405 794 2506 megisnocedentevel
810 2409 1011 2484 deeedeute
1028 2410 1120 2484 alius
1137 2409 1291 2508 collegio
1307 2406 1445 2506 ipsrque
1455 2409 1574 2506 hospi·

233 2525 300 2598 tali
316 2525 364 2600 ad
379 2523 543 2619 regimen
558 2518 717 2595 eiusdem
728 2530 806 2596 tum
816 2523 857 2595 in
868 2518 1114 2616 spiritualibus
1131 2545 1240 2617 quam
1257 2524 1297 2594 iu
1313 2523 1572 2618 temporalibus

234 2637 280 2710 de
294 2630 380 2732 ipsis
395 2635 567 2708 batribua
583 2632 642 2706 vel
658 2637 763 2708 extre
778 2633 840 2706 rbi
863 2637 979 2731 magis
994 2635 1154 2708 viderint
1179 2635 1352 2730 expedire
1369 2635 1449 2708 loco
1473 2635 1571 2708 illius

233 2748 390 2845 eligatur
404 2748 467 2842 qui
484 2744 619 2819 olenus
644 2745 749 2818 nobis
765 2755 805 2820 et
819 2747 1014 2822 heredibus
1031 2743 1160 2820 nostris
1177 2745 1405 2842 presentetur
1420 2755 1459 2822 et
1476 2750 1572 2842 quod

188 2872 190 2875 ’
234 2860 450 2934 oenonioum
473 2859 583 2932 suerit
608 2852 806 2952 dyocesnno
830 2857 902 2932 loci
922 2859 1139 2932 exhibeatur
1166 2899 1174 2920 ·
1202 2858 1252 2932 Et
1270 2869 1311 2934 vt
1335 2859 1401 2932 illa
1424 2861 1571 2936 donatio

236 2975 503 3068 imperpetuum
534 2979 615 3044 rata
636 2965 683 3043 sit
711 2978 751 3044 et
776 2965 983 3045 inconeussa
1013 2972 1083 3044 hoe
1115 2968 1288 3066 scriptum
1321 2966 1427 3067 sigilli
1460 2968 1572 3045 nostri

234 3085 436 3158 munimine
458 3083 611 3156 fecimus
635 3081 795 3156 roborari
817 3121 829 3142 ·
852 3081 994 3156 Dntum
1020 3082 1115 3177 apud
1141 3081 1327 3178 Inuerwrp
1353 3085 1391 3156 in
1418 3079 1571 3156 erastino

235 3197 457 3272 inuentionis
470 3191 591 3269 sande
605 3194 723 3268 erucis
745 3217 841 3270 anno
856 3197 973 3292 gratie
997 3190 1187 3268 millesimo
1205 3190 1451 3270 ducentesimo
1467 3198 1571 3289 quin-

235 3305 441 3405 quagesimo
470 3349 479 3366 ·
505 3307 590 3403 Hijs
605 3302 760 3380 testibus
776 3307 974 3382 venerabili
989 3313 1094 3402 petre
1111 3306 1142 3380 P
1158 3347 1168 3364 ·
1187 3304 1257 3382 Dei
1274 3309 1392 3406 gratia
1407 3305 1570 3405 episeopo

235 3417 486 3495 Aberdonenfi
509 3461 520 3480 ·
545 3418 746 3493 Malaolmo
772 3421 1023 3494 archidiacono
1049 3415 1241 3494 eiusdem·
1268 3422 1414 3493 domino
1442 3421 1570 3494 Ooliuo

235 3527 418 3606 Hosiiario
437 3533 548 3606 fratre
567 3527 688 3604 nostro
717 3569 727 3588 ·
754 3531 900 3604 domiuo
916 3530 1176 3606 Bartholomen
1192 3531 1342 3606 Andree
1367 3573 1375 3590 ·
1401 3532 1427 3605 J
1429 3532 1570 3606 ohanne

235 3643 416 3718 Cambren
429 3683 439 3702 ·
454 3644 594 3717 'l'boma
605 3644 651 3717 de
661 3640 930 3740 (iunyngbureh
948 3684 958 3702 ·
975 3643 1157 3718 Richardo
1175 3642 1341 3719 Mascula
1356 3681 1366 3702 ·
1384 3644 1513 3718 Colino
1524 3646 1569 3719 de

235 3756 459 3830 Londermer
467 3751 962 3830 militibusnostris·Andrea
970 3754 1206 3830 etWillelmo
1216 3756 1411 3852 capellanis
1419 3753 1569 3830 nostris·

236 3867 323 3942 Ada
336 3877 377 3944 et
392 3867 478 3943 Ada
493 3869 632 3943 clericis
646 3863 777 3941 nostrie
792 3876 832 3942 et
846 3868 977 3942 multis
992 3867 1073 3962 alijs
1090 3907 1100 3928 ·

236 3978 319 4055 Nos
341 3980 456 4078 igitur
469 3979 681 4055 Alexander
696 3976 923 4076 permiffioue
948 3981 1074 4054 diuina
1098 3976 1283 4076 episeopus
1302 3980 1569 4055 Aberdonenfis

235 4093 329 4167 baua
352 4091 508 4191 legimus
522 4093 679 4166 vidimus
694 4100 735 4166 et
750 4091 1000 4167 intelleximus
1016 4115 1091 4166 non
1106 4094 1277 4166 viciatam
1294 4116 1363 4166 nee
1387 4094 1426 4166 in
1449 4093 1571 4188 eliqua

235 4200 921 4302 suipmteabolitametinfignumreri
933 4200 1129 4299 testimonij
1142 4203 1228 4279 huie
1239 4199 1397 4300 sigillum
1408 4201 1569 4280 nostrum

236 4315 388 4392 iacimus
403 4319 560 4414 apponi·
