4050 5534
450 645 519 715 198
966 639 1274 714 auersunuu
1502 711 1513 735 ,
1639 640 1790 735 [secun

447 863 511 934 pro
529 837 799 935 quadragesima
815 852 854 911 et
871 840 951 934 alijs
969 842 1193 935 temporibus
1209 843 1294 913 anni
1313 853 1352 913 et
1377 840 1458 932 alijs
1476 842 1711 934 coopertorijs
1727 863 1791 933 pro

447 953 674 1047 ymaginibus
687 976 757 1046 qua
775 948 924 1049 singulis
938 962 1026 1025 nota
1037 949 1200 1025 existunt
1210 978 1258 1025 ex
1272 953 1320 1025 lie
1333 950 1435 1047 sarge
1452 963 1491 1024 et
1504 952 1580 1023 tela
1597 952 1696 1024 linea
1709 976 1790 1025 aum

448 1063 744 1136 lintheaminibus
758 1088 822 1161 pro
839 1065 968 1137 diebus
986 1061 1352 1161 quadragesimalibus
1378 1066 1474 1137 dono
1498 1074 1537 1137 et
1554 1059 1720 1157 expensas
1736 1064 1790 1135 su·

447 1175 596 1269 praditti
627 1174 786 1271 magistri
815 1176 1019 1249 Alexandri
1045 1201 1129 1249 eum
1154 1177 1391 1249 tabernaculo
1417 1173 1566 1249 honeste
1592 1176 1736 1269 depiito
1752 1188 1788 1249 et

446 1288 562 1359 tribus
587 1289 815 1383 ymaginibus
841 1311 996 1361 vnaeum
1022 1287 1150 1361 scrinio
1177 1284 1388 1361 Flandrensr
1418 1312 1483 1382 pro
1517 1286 1788 1361 conseruatione

448 1401 624 1471 diuorum
650 1411 945 1475 ornamentorum
972 1410 1011 1473 et
1037 1398 1139 1475 sedili
1164 1400 1280 1474 serato
1298 1424 1363 1495 pro
1389 1397 1665 1474 conseruatione
1690 1402 1789 1473 habi·

449 1521 555 1584 tuum
572 1511 660 1585 dieti
677 1512 826 1585 redueris
840 1536 924 1585 eum
943 1513 1165 1586 tintinabulo
1182 1553 1191 1569 ·
1219 1510 1317 1583 Item
1336 1523 1465 1605 quarta
1480 1511 1622 1606 capella
1639 1536 1685 1584 ex
1703 1510 1787 1584 bille

448 1622 572 1696 uillosa
597 1647 680 1697 oum
707 1649 813 1698 eruce
837 1627 875 1697 in
902 1622 1004 1697 dorso
1028 1650 1076 1697 ex
1092 1650 1181 1697 auro
1199 1624 1322 1696 textili
1340 1648 1423 1699 eum
1450 1625 1534 1697 alba
1550 1627 1683 1696 amitte
1700 1622 1788 1697 stola

447 1736 632 1830 manipulo
650 1759 742 1809 nona
758 1747 797 1809 et
810 1734 891 1832 alijs
908 1740 1130 1831 paramentis
1147 1779 1156 1797 ·

334 1913 336 1926 ,
449 1846 566 1943 [Item
585 1871 647 1921 vas
664 1872 756 1942 aque
768 1848 957 1922 benedito
971 1846 1161 1921 honestum
1175 1874 1221 1921 ex
1233 1874 1295 1921 ere
1309 1872 1392 1921 eum
1405 1847 1566 1922 custodia
1579 1848 1740 1922 eiusdem
1757 1848 1786 1943 ·]

448 2184 725 2259 Innnnnaatutt
753 2208 1078 2260 oaNattnNnonura
1106 2210 1265 2260 sanante
1293 2209 1386 2261 utun
1411 2184 1648 2259 Karmalas
1668 2209 1789 2259 VIRGI-

576 2322 637 2371 NIS
658 2322 732 2371 Part
753 2322 1027 2373 SUPBADICTUM
1045 2321 1231 2373 Dotatrwra
1252 2299 1445 2375 Gaetulum
1465 2321 1664 2372 FUNDATI·

451 2502 643 2617 Imprimis
661 2526 848 2619 egregium
875 2524 1152 2596 tabernaculum
1169 2528 1350 2623 virginum
1368 2550 1452 2599 oum
1469 2526 1643 2599 manfiole
1660 2538 1701 2599 et
1717 2530 1789 2621 epi-

448 2638 558 2709 thafio
576 2635 736 2709 eiusdem
755 2637 945 2708 reuerendi
963 2640 1102 2732 patris·

497 2749 591 2821 Item
611 2750 683 2821 duo
700 2748 916 2822 candelabra
927 2752 1037 2823 enuia
1049 2752 1195 2846 egregia
1212 2750 1326 2822 forma
1344 2792 1352 2809 ·
1372 2750 1538 2835 Quatuor
1555 2754 1695 2847 capelle
1708 2777 1788 2827 eum

446 2860 517 2934 suia
531 2862 622 2934 albis
635 2860 776 2934 emiolia
801 2862 901 2933 aonia
918 2871 957 2933 et
974 2863 1195 2956 paramentis
1211 2885 1363 2954 quarum
1381 2864 1497 2957 prima
1513 2888 1559 2936 ex
1576 2864 1651 2937 tela
1667 2864 1791 2938 villosa

448 2972 569 3046 viridis'
586 2975 716 3046 eoloris
734 3014 742 3031 ·
762 2974 878 3047 altera
894 2996 938 3045 ex
957 2975 1033 3047 tela
1049 2973 1220 3045 vndelata
1236 2974 1417 3045 uiolitbini
1435 2974 1565 3049 eoloris
1581 2973 1643 3048 seu
1660 2980 1790 3049 iacinc-

447 3091 515 3159 tini
535 3128 544 3143 ·
563 3090 673 3159 tertia
697 3108 745 3159 ex
763 3083 864 3159 estad
879 3087 953 3158 tele
964 3085 1155 3181 anglicane
1167 3125 1176 3143 ·
1190 3096 1375 3179 quartaex
1386 3087 1462 3159 tela
1474 3086 1645 3161 undelata
1657 3114 1704 3162 ex
1722 3091 1790 3162 iilis

446 3199 566 3272 sericis
592 3238 600 3254 ·
625 3198 721 3269 Item
739 3198 994 3272 candelabrum
1020 3197 1221 3292 pendulum
1247 3221 1329 3271 eum
1357 3200 1438 3269 οᾶο
1462 3203 1571 3273 ramis
1596 3226 1661 3295 pro
1686 3205 1791 3298 eerijs

447 3324 485 3381 et
516 3310 702 3383 candelis·
724 3311 839 3406 [dono
863 3312 1009 3382 redueris
1036 3309 1159 3382 aClat
1176 3310 1378 3383 Alexandri
1404 3311 1717 3407 Spittaleu.n.n11
1735 3358 1744 3373 ·
1773 3315 1789 3409 ]

447 3422 544 3494 Item
556 3422 626 3496 due
640 3424 761 3517 phiole
775 3419 922 3493 stannea
936 3447 1020 3495 cum
1032 3421 1105 3508 Qui
1123 3423 1247 3517 predia
1264 3422 1390 3494 ··Item
1404 3446 1517 3496 vnum
1529 3430 1789 3521 antependium

446 3560 530 3609 eum
548 3535 692 3608 frontali
711 3558 865 3608 vuaoum
883 3536 1000 3607 tribus
1018 3532 1177 3608 honestis
1191 3535 1489 3609 lintheaminibus
1506 3551 1544 3609 et
1557 3539 1698 3611 duobus
1715 3566 1791 3613 eor-

446 3649 628 3743 poralibus
645 3659 683 3720 et
701 3648 794 3719 libro
821 3642 945 3719 millali
964 3643 1130 3742 imprello
1155 3688 1163 3705 ·
1192 3647 1289 3721 Item
1308 3650 1574 3722 tiatiuabulum
1599 3675 1683 3723 eum
1701 3650 1791 3725 aista

447 3759 714 3833 conseruatoria
727 3769 1022 3831 ornamentorum
1041 3783 1195 3833 unacum
1214 3782 1285 3832 vno
1302 3762 1523 3856 antependio
1548 3762 1659 3835 instar
1675 3762 1789 3838 villosa

447 3875 547 3946 rubei
567 3872 696 3945 eoloris
710 3872 804 3943 dono
819 3871 862 3941 M
867 3926 874 3941 .
893 3871 1098 3945 Alexandri
1112 3872 1248 3967 Spittal
1266 3873 1384 3946 aClat
1396 3876 1545 3948 rettoris
1562 3914 1571 3932 ·
1590 3874 1707 3973 [Item
1720 3902 1791 3952 vna

447 3984 586 4081 capella
603 4008 648 4055 ex
667 3984 780 4055 flueto
793 3984 898 4055 viridi
916 4006 999 4055 cum
1018 3980 1166 4079 singulis
1180 3982 1380 4078 neeellarijs
1392 3988 1486 4059 dono
1500 3990 1635 4060 demini
1653 3988 1791 4064 Thema

449 4099 599 4191 Myrtoo
618 4096 857 4170 archidiaconi
875 4094 903 4189 ·]
