4050 5534
891 607 1200 684 suessanum
1568 612 1723 707 [secun

495 1351 752 1455 STATUTA
786 1351 1082 1452 ECGLESIE
1117 1355 1597 1458 ABERDONENSIS.

376 1797 490 1893 Copia
506 1797 607 1870 bulle
625 1797 747 1892 vigore
765 1797 868 1867 cuius
885 1795 1033 1868 condita
1048 1793 1134 1868 sunt
1151 1793 1288 1869 statuta
1303 1793 1491 1890 sequentia
1508 1841 1517 1856 ·

378 1997 571 2097 Omnibus
588 2016 720 2092 Christi
738 2016 905 2090 fidelibus
922 2015 1124 2110 presentem
1142 2020 1311 2113 paginam
1328 2019 1454 2092 visuris
1471 2021 1529 2093 vel
1545 2024 1724 2096 audituris

378 2135 509 2206 Petrus
533 2129 763 2204 miseratione
780 2131 904 2201 diuina
929 2127 1093 2201 minister
1117 2127 1267 2203 ecclesie
1284 2131 1553 2206 Aberdonenlis
1568 2133 1722 2208 salntem

377 2258 540 2319 eternam
570 2245 608 2314 in
635 2242 825 2313 Domino·
847 2239 1005 2312 Nouerit
1030 2236 1242 2312 vninersrtas
1267 2239 1386 2316 vestra
1413 2267 1480 2314 nos
1509 2247 1722 2319 mandatnm

378 2357 514 2429 domini
541 2354 750 2446 Innocencij
778 2373 870 2445 pape
888 2353 1006 2443 quarti
1023 2349 1088 2422 sub
1106 2353 1172 2424 bac
1190 2353 1306 2426 forma
1328 2351 1525 2448 recepisse·
1544 2356 1724 2430 Innocen-

378 2473 455 2541 cius
489 2463 675 2560 episcopus
709 2461 832 2534 seruus
866 2459 1051 2533 seruorum
1086 2462 1157 2534 Dei
1191 2465 1389 2536 venerabili
1422 2467 1525 2538 fratri
1557 2466 1722 2561 episcopo

378 2573 628 2652 Aberdonenli
655 2571 809 2646 salutem
834 2583 872 2645 et
898 2569 1129 2666 apostolicam
1154 2575 1534 2650 benedictionemve
1556 2577 1724 2652 Aberdo-

378 2687 498 2763 nensrs
527 2681 677 2758 ecclesie
702 2688 740 2758 in
766 2683 1010 2779 spiritualibus
1035 2685 1162 2758 llorere
1185 2686 1305 2758 valeat
1330 2696 1370 2759 et
1398 2690 1438 2759 in
1464 2689 1722 2783 temporalibus

378 2801 588 2875 habundare
613 2821 655 2872 ac
680 2796 830 2891 peisone
855 2797 893 2868 in
917 2819 961 2868 ea
981 2793 1180 2869 existentes
1197 2798 1243 2869 de
1261 2799 1398 2871 vincte
1422 2797 1581 2874 creseere
1597 2803 1636 2874 in
1653 2805 1723 2874 vir·

379 2923 498 2988 tutem
524 2911 655 2984 edendi
681 2912 718 2981 in
745 2910 873 2982 eadem
897 2904 1048 2980 ecclesia
1071 2917 1148 2979 tam
1173 2910 1269 2980 circa
1292 2907 1460 3003 personas
1475 2922 1515 2984 et
1531 2915 1723 2986 canonicos

380 3049 489 3119 quam
518 3024 589 3095 alia
618 3023 729 3094 etiarn
764 3019 913 3114 capituli
948 3016 1108 3091 eiusdem
1141 3017 1292 3092 ecclesie
1324 3023 1521 3096 wcedente
1550 3022 1722 3097 consensu

379 3135 515 3210 statuta
540 3133 695 3206 salubria
719 3141 758 3204 et
783 3127 934 3202 honesta
959 3154 1031 3223 que
1058 3131 1263 3202 redundent
1288 3133 1326 3202 in
1349 3133 1546 3206 vtilitatem
1573 3133 1723 3209 ecclelia

379 3247 578 3342 supradicte
595 3251 703 3336 prout
720 3239 917 3314 secundum
932 3241 1055 3312 Deum
1067 3240 1219 3314 vtilitati
1237 3244 1332 3314 dicte
1348 3241 1499 3317 ecclesie
1512 3248 1643 3319 videris
1659 3271 1723 3320 ex-

378 3360 502 3453 pedire
527 3354 673 3449 plenam
690 3354 758 3425 tibi
776 3354 1007 3425 concedimus
1029 3355 1245 3426 austeritate
1265 3354 1487 3448 presentium
1509 3359 1722 3432 facultatem

379 3465 660 3544 contradictores
677 3489 742 3558 per
759 3464 944 3537 censuram
962 3461 1236 3538 ecclesiasticam
1261 3467 1505 3561 appellatione
1529 3467 1724 3564 postposita

379 3577 662 3674 compescendo·
681 3575 819 3648 Datum
847 3575 1016 3671 Lugduni
1042 3576 1116 3668 xvij
1137 3577 1211 3648 kal.
1227 3577 1329 3672 Junij
1354 3580 1588 3672 pontificatus
1612 3578 1723 3652 nostri

379 3716 474 3767 anno
501 3689 604 3762 sexto
631 3727 640 3746 ·
668 3687 749 3759 Nos
778 3689 890 3782 igitur
918 3688 1133 3759 autoritate
1162 3689 1270 3760 huius
1298 3691 1461 3763 mandati
1489 3693 1724 3766 attendentes

379 3802 624 3876 ordinationes
647 3809 686 3871 et
711 3797 989 3870 consuetudines
1006 3823 1029 3872 a
1045 3800 1311 3872 venerabilibus
1336 3803 1499 3895 patribus
1517 3803 1722 3877 Eduardo·

379 3915 547 3990 Gilberto
559 3953 567 3969 ·
581 3909 794 4004 Radulpbo·
810 3908 984 4003 episcopis
997 3907 1317 3984 Aberdonensrbus
1329 3911 1632 4006 predecessoribus
1644 3916 1724 3988 nos-

379 4028 444 4099 tris
461 4021 567 4118 super
582 4021 775 4114 prebendis
798 4017 948 4092 ecclesie
964 4019 1234 4094 Aberdonenlis
1251 4033 1290 4094 et
1306 4021 1404 4095 statu
1420 4021 1530 4119 ipsius
1547 4035 1587 4097 et
1602 4026 1724 4098 minis-

379 4149 516 4208 trorum
542 4137 620 4205 eius
636 4135 675 4203 in
693 4129 834 4204 diuersa
850 4128 1002 4226 disperse
1028 4130 1268 4206 instrumenta
1283 4158 1348 4228 per
1364 4136 1667 4230 indempnitatem
1684 4149 1724 4212 et

378 4245 651 4318 similitudinem
675 4252 930 4315 contentorum
954 4253 992 4314 et
1016 4245 1253 4336 quarumdam
1276 4249 1576 4319 contrarietatum
1598 4251 1725 4322 confu-

378 4352 513 4429 sionem
537 4356 752 4427 inducentes
769 4364 810 4424 vt
834 4377 918 4425 cum
935 4352 1157 4448 inspicienda
1172 4352 1318 4428 fuissent
1344 4358 1596 4432 difficultatem
1621 4363 1724 4434 inue-

378 4467 501 4540 niendi
519 4466 614 4558 quod
633 4465 852 4557 querebatur
869 4465 1052 4537 faciebant
1070 4465 1116 4538 de
1131 4462 1304 4539 consensu
1321 4477 1360 4540 et
1377 4466 1546 4542 consrlio·
1562 4471 1597 4542 R
1609 4512 1619 4530 ·
1632 4481 1723 4546 tunc
