4050 5534
234 647 331 742 xvc]
701 647 1105 722 ABERDONENSE.
1503 661 1571 730 109
1728 639 1731 646 ’

282 961 493 1060 capellanie
510 963 609 1035 chori
626 985 691 1056 pro
706 983 805 1033 nune
821 969 928 1034 extra
942 958 1232 1034 distributionem
1250 962 1433 1035 facultatis
1450 1004 1459 1020 ·

234 1186 442 1282 Capellauia
455 1189 500 1260 de
513 1184 683 1261 Vesthall
700 1185 854 1258 lundata
870 1209 934 1280 per
947 1187 1133 1257 domiuum
1151 1183 1383 1280 Ingeramum
1402 1187 1569 1284 Lyndsay

279 1299 483 1395 episcopum
497 1301 678 1394 quondam
692 1297 1006 1371 Abbirdouensem
1018 1297 1080 1370 sed
1094 1293 1236 1370 astritta
1252 1300 1360 1373 choro
1374 1309 1413 1373 et
1425 1304 1568 1374 maiori-

278 1415 345 1486 bue
360 1415 458 1486 horis
474 1410 635 1484 eiusdem
651 1407 818 1484 iuterelle
884 1463 1333 1483 .....
1433 1437 1484 1486 xx
1502 1414 1564 1486 lib.

232 1527 437 1621 capellania
453 1527 499 1598 de
511 1524 665 1598 Galehol
679 1547 749 1617 qne
766 1524 854 1595 alias
871 1524 941 1596 luit
953 1525 991 1594 in
1005 1523 1181 1596 facultate
1198 1523 1296 1597 chori
1309 1523 1369 1597 sed
1387 1549 1451 1620 pro
1467 1512 1566 1599 nunc

278 1641 322 1712 ad
339 1649 446 1711 extra
469 1662 533 1733 pro
560 1639 682 1710 anima
704 1638 799 1732 regia
817 1636 936 1709 Dauid
963 1634 1155 1708 Scotorum
1182 1660 1246 1731 pro
1272 1660 1343 1731 qua
1359 1639 1565 1733 capellanus

278 1748 433 1824 eiusdem
451 1750 590 1823 nullam
607 1751 694 1822 faeit
710 1746 939 1821 residentiam
957 1751 996 1820 iu
1013 1750 1123 1822 ohoro
1206 1751 1240 1844 vj
1260 1751 1321 1822 lin.
1339 1753 1403 1845 xiij
1421 1749 1456 1823 ll
1474 1755 1510 1822 iv
1528 1749 1562 1824 d.

230 1863 437 1957 capellania
461 1864 506 1934 de
532 1862 657 1956 Morly
679 1870 784 1934 extra
805 1861 954 1934 chorum
981 1857 1145 1934 similiter
1170 1885 1234 1956 pro
1260 1864 1380 1934 anima
1404 1860 1563 1959 magistri

276 1977 444 2049 Duncani
462 1975 653 2068 Laurencij
788 2025 798 2046 .
898 2027 908 2044 .
1008 2028 1017 2044 .
1120 2026 1128 2045 .
1209 1977 1243 2068 vj
1263 1975 1323 2047 lib.
1341 1977 1403 2068 xiij
1422 1975 1454 2046 o.
1472 1979 1509 2047 iv
1526 1974 1561 2048 d.

232 2087 434 2183 capellanie
446 2083 605 2183 magistri
616 2085 795 2158 Johannia
807 2083 892 2157 clat
906 2086 1087 2178 quondam
1104 2089 1266 2158 canonici
1280 2085 1563 2160 Abbirdonenlie

275 2203 319 2274 ad
335 2202 451 2274 altare
480 2200 587 2274 beate
616 2188 773 2272 Katrine
806 2199 954 2292 virginio
986 2199 1033 2269 ad
1066 2198 1262 2291 plenariam
1296 2196 1561 2293 dispositionem

276 2315 424 2408 capituli
451 2337 523 2407 qne
549 2310 746 2383 seeundum
772 2310 1032 2382 fundationem·
1051 2313 1222 2384 continue
1246 2311 1381 2384 debent
1397 2311 1562 2386 interelle

200 2487 206 2506 .
275 2427 381 2500 choro
398 2448 483 2497 cum
501 2426 581 2519 alije
598 2424 741 2518 viearije
757 2419 915 2495 eiusdem
935 2426 1179 2496 extendentes
1196 2447 1260 2520 pro
1278 2447 1375 2498 nuno
1392 2427 1437 2498 ad

1209 2539 1272 2630 xiij
1291 2538 1352 2610 lio.
1371 2537 1429 2610 vel
1447 2540 1561 2611 circa·

228 2647 308 2723 Due
325 2650 523 2745 capellanie
548 2649 699 2721 fundate
715 2671 781 2744 per
800 2649 986 2720 dominum
1013 2647 1268 2722 Marescallum
1286 2651 1330 2724 ad
1349 2651 1462 2724 altare
1478 2651 1562 2722 bea-

273 2759 403 2836 tiffime
439 2764 587 2857 virginis
622 2761 742 2834 Marie
783 2763 881 2832 intra
922 2763 1053 2833 dictam
1088 2758 1274 2835 eeclesiam
1317 2762 1560 2836 cathedralem

273 2872 585 2948 Abbirdouensem
602 2897 673 2966 que
686 2874 832 2967 quidem
843 2873 981 2946 nullam
998 2873 1138 2946 faciunt
1150 2870 1379 2948 relidentiam
1395 2879 1434 2946 in
1452 2877 1560 2948 choro

272 3013 390 3083 neque
408 2995 514 3060 extra
529 2987 678 3060 chorum
690 2988 794 3058 iuxta
810 2985 1062 3058 fundationem
1079 2987 1266 3059 fundatam
1280 3011 1345 3080 per
1357 2987 1559 3060 Robertum

274 3102 318 3174 de
335 3101 462 3195 Keyth
479 3101 525 3171 de
543 3101 648 3170 terris
664 3099 709 3169 de
726 3095 874 3191 Kyntor
889 3107 928 3170 et
946 3098 1108 3170 Skeiueu
1126 3139 1134 3156 ·

230 3213 433 3309 capellania
459 3214 612 3285 lundata
626 3234 692 3305 per
707 3210 889 3304 quondam
915 3207 1124 3306 magistrum
1142 3210 1360 3282 Duncauum
1385 3211 1559 3284 Scherare

272 3329 446 3400 restorem
464 3328 509 3406 de
526 3324 628 3396 Olatt
652 3347 751 3396 nuuc
775 3324 877 3395 ruite
900 3322 1053 3418 collegio
1078 3317 1343 3395 Abbirdonenfi
1370 3321 1560 3398 distributa

118 3455 124 3463 ’
273 3435 499 3511 studentibus
515 3438 647 3509 in'iure
668 3436 867 3508 canonico·

229 3550 432 3645 capellania
449 3550 600 3621 fundata
615 3571 680 3642 per
696 3548 882 3619 dominum
905 3544 1109 3642 episcopum
1126 3545 1302 3620 Thomam
1320 3547 1559 3644 Abyrdonen-

274 3660 343 3735 sem
362 3661 515 3757 collegio
532 3656 798 3733 Abbirdouenfi
818 3661 1047 3753 incorporata
1070 3656 1261 3732 distributa
1277 3657 1502 3734 studentibus
1519 3665 1557 3733 in

273 3778 349 3848 iure
370 3775 570 3848 cononico·

226 3887 430 3983 Capeliania
459 3884 610 3959 lundata
635 3907 700 3980 per
725 3885 907 3978 quondam
933 3883 1186 3957 Alexandrum
1204 3883 1358 3958 callane
1383 3887 1556 3960 rectorem

274 4002 315 4072 de
332 4000 438 4094 Oyne
455 4001 501 4071 ad
517 4000 630 4072 altare
646 3998 746 4070 beati
772 3995 941 4070 Nicholai
958 3998 1004 4068 de
1021 3996 1234 4093 Abbirdeyn
1318 4035 1326 4054 ·
1426 3995 1473 4094 vij
1492 3999 1555 4071 lio

223 4111 429 4208 capellania
447 4135 493 4182 ·x·
510 4111 683 4183 librarum
707 4111 819 4182 annui
835 4111 997 4183 redditus
1016 4111 1061 4182 de
1077 4118 1174 4181 terra
1190 4111 1235 4183 de
1253 4109 1456 4184 Murecroft
1473 4137 1556 4186 oum

273 4223 502 4320 pertinencija
517 4245 583 4317 per
604 4220 814 4318 magistrum
832 4222 1085 4296 Alexandrum
1103 4220 1230 4294 cabell
1247 4223 1294 4295 ad
1311 4221 1424 4296 altare
1446 4223 1555 4299 sancii

273 4337 431 4410 Diuinici
447 4336 626 4408 fundata·
