<?xml version="1.0" encoding="UTF-8"?>
<!DOCTYPE html PUBLIC "-//W3C//DTD XHTML 1.0 Transitional//EN"
    "http://www.w3.org/TR/xhtml1/DTD/xhtml1-transitional.dtd">
<html xmlns="http://www.w3.org/1999/xhtml" xml:lang="en" lang="en">
 <head>
  <title>
</title>
<meta http-equiv="Content-Type" content="text/html;charset=utf-8" />
  <meta name='ocr-system' content='tesseract 3.04.00' />
  <meta name='ocr-capabilities' content='ocr_page ocr_carea ocr_par ocr_line ocrx_word'/>
</head>
<body>
  <div class='ocr_page' id='page_1' title='image "./registrumepisco02innegoog_0417.png"; bbox 0 0 4050 5534; ppageno 0'>
   <div class='ocr_carea' id='block_1_1' title="bbox 248 678 1585 779">
    <p class='ocr_par' dir='ltr' id='par_1_1' title="bbox 248 678 1585 779">
     <span class='ocr_line' id='line_1_1' title="bbox 248 678 1585 779; baseline 0.006 -28"><span class='ocrx_word' id='word_1_1' title='bbox 248 678 475 779; x_wconf 67' lang='lat' dir='ltr'>arrasum]</span> <span class='ocrx_word' id='word_1_2' title='bbox 718 678 1123 759; x_wconf 79' lang='lat' dir='ltr'><strong>ABERDONENSE.</strong></span> <span class='ocrx_word' id='word_1_3' title='bbox 1515 695 1585 761; x_wconf 70' lang='lat'>323</span> 
     </span>
    </p>
   </div>
   <div class='ocr_carea' id='block_1_2' title="bbox 273 1109 1585 2536">
    <p class='ocr_par' dir='ltr' id='par_1_2' title="bbox 343 1109 1585 1321">
     <span class='ocr_line' id='line_1_2' title="bbox 344 1109 1585 1207; baseline 0.001 -25"><span class='ocrx_word' id='word_1_4' title='bbox 344 1110 551 1207; x_wconf 81' lang='lat' dir='ltr'>Registrum</span> <span class='ocrx_word' id='word_1_5' title='bbox 576 1109 793 1187; x_wconf 84' lang='lat' dir='ltr'>admissionis</span> <span class='ocrx_word' id='word_1_6' title='bbox 822 1117 1044 1186; x_wconf 87' lang='lat' dir='ltr'>notariorum</span> <span class='ocrx_word' id='word_1_7' title='bbox 1072 1112 1165 1187; x_wconf 82' lang='lat' dir='ltr'>iusra&#39;</span> <span class='ocrx_word' id='word_1_8' title='bbox 1190 1112 1367 1185; x_wconf 81' lang='lat' dir='ltr'>diocesem</span> <span class='ocrx_word' id='word_1_9' title='bbox 1394 1112 1585 1185; x_wconf 83' lang='lat' dir='ltr'>Aberdou-</span> 
     </span>
     <span class='ocr_line' id='line_1_3' title="bbox 343 1222 1582 1321; baseline 0.002 -26"><span class='ocrx_word' id='word_1_10' title='bbox 343 1222 461 1295; x_wconf 83' lang='lat' dir='ltr'>ensem</span> <span class='ocrx_word' id='word_1_11' title='bbox 488 1226 623 1299; x_wconf 76' lang='lat' dir='ltr'>fattum</span> <span class='ocrx_word' id='word_1_12' title='bbox 652 1249 718 1321; x_wconf 86' lang='lat' dir='ltr'>per</span> <span class='ocrx_word' id='word_1_13' title='bbox 741 1227 980 1299; x_wconf 87' lang='lat' dir='ltr'>reuerendum</span> <span class='ocrx_word' id='word_1_14' title='bbox 1005 1229 1044 1298; x_wconf 91' lang='lat' dir='ltr'>iu</span> <span class='ocrx_word' id='word_1_15' title='bbox 1062 1222 1203 1299; x_wconf 85' lang='lat' dir='ltr'>Christo</span> <span class='ocrx_word' id='word_1_16' title='bbox 1230 1234 1370 1320; x_wconf 84' lang='lat' dir='ltr'>patrem</span> <span class='ocrx_word' id='word_1_17' title='bbox 1397 1227 1582 1298; x_wconf 87' lang='lat' dir='ltr'>dominum</span> 
     </span>
    </p>

    <p class='ocr_par' dir='ltr' id='par_1_3' title="bbox 273 1336 1585 1434">
     <span class='ocr_line' id='line_1_4' title="bbox 273 1336 1585 1434; baseline 0.004 -29"><span class='ocrx_word' id='word_1_18' title='bbox 273 1382 278 1389; x_wconf 87' lang='lat'><em>-</em></span> <span class='ocrx_word' id='word_1_19' title='bbox 344 1336 572 1411; x_wconf 88' lang='lat' dir='ltr'>Wiiielmum</span> <span class='ocrx_word' id='word_1_20' title='bbox 591 1337 797 1434; x_wconf 83' lang='lat' dir='ltr'>episcopum</span> <span class='ocrx_word' id='word_1_21' title='bbox 807 1336 1103 1429; x_wconf 82' lang='lat' dir='ltr'>Aberdoneusem</span> <span class='ocrx_word' id='word_1_22' title='bbox 1116 1340 1205 1433; x_wconf 81' lang='lat' dir='ltr'>quos</span> <span class='ocrx_word' id='word_1_23' title='bbox 1224 1339 1303 1410; x_wconf 90' lang='lat' dir='ltr'>vult</span> <span class='ocrx_word' id='word_1_24' title='bbox 1314 1339 1359 1410; x_wconf 86' lang='lat' dir='ltr'>de</span> <span class='ocrx_word' id='word_1_25' title='bbox 1373 1348 1495 1411; x_wconf 85' lang='lat' dir='ltr'>cetero</span> <span class='ocrx_word' id='word_1_26' title='bbox 1508 1340 1585 1410; x_wconf 85' lang='lat' dir='ltr'>fore</span> 
     </span>
    </p>

    <p class='ocr_par' dir='ltr' id='par_1_4' title="bbox 280 1449 1583 2536">
     <span class='ocr_line' id='line_1_5' title="bbox 280 1449 1582 1547; baseline 0.002 -26"><span class='ocrx_word' id='word_1_27' title='bbox 280 1540 284 1547; x_wconf 23' lang='lat'>¹</span> <span class='ocrx_word' id='word_1_28' title='bbox 343 1449 477 1544; x_wconf 78' lang='lat' dir='ltr'>legales</span> <span class='ocrx_word' id='word_1_29' title='bbox 505 1454 606 1525; x_wconf 87' lang='lat' dir='ltr'>etad</span> <span class='ocrx_word' id='word_1_30' title='bbox 635 1451 892 1540; x_wconf 76' lang='lat' dir='ltr'>tabellionatus</span> <span class='ocrx_word' id='word_1_31' title='bbox 917 1452 1073 1524; x_wconf 82' lang='lat' dir='ltr'>officium</span> <span class='ocrx_word' id='word_1_32' title='bbox 1102 1453 1343 1523; x_wconf 85' lang='lat' dir='ltr'>exercendum</span> <span class='ocrx_word' id='word_1_33' title='bbox 1368 1452 1527 1545; x_wconf 83' lang='lat' dir='ltr'>ydoneos</span> <span class='ocrx_word' id='word_1_34' title='bbox 1545 1462 1582 1524; x_wconf 85' lang='lat' dir='ltr'>et</span> 
     </span>
     <span class='ocr_line' id='line_1_6' title="bbox 343 1560 1581 1658; baseline 0.003 -27"><span class='ocrx_word' id='word_1_35' title='bbox 343 1561 462 1633; x_wconf 86' lang='lat' dir='ltr'>nullos</span> <span class='ocrx_word' id='word_1_36' title='bbox 491 1564 580 1635; x_wconf 88' lang='lat' dir='ltr'>alios</span> <span class='ocrx_word' id='word_1_37' title='bbox 613 1564 707 1636; x_wconf 84' lang='lat' dir='ltr'>iufra</span> <span class='ocrx_word' id='word_1_38' title='bbox 731 1564 863 1635; x_wconf 67' lang='lat' dir='ltr'>dietam</span> <span class='ocrx_word' id='word_1_39' title='bbox 889 1562 1065 1637; x_wconf 78' lang='lat' dir='ltr'><strong>diocesem</strong></span> <span class='ocrx_word' id='word_1_40' title='bbox 1104 1575 1212 1658; x_wconf 84' lang='lat' dir='ltr'>prout</span> <span class='ocrx_word' id='word_1_41' title='bbox 1239 1560 1415 1635; x_wconf 88' lang='lat' dir='ltr'>statutum</span> <span class='ocrx_word' id='word_1_42' title='bbox 1442 1573 1519 1635; x_wconf 88' lang='lat' dir='ltr'>erut</span> <span class='ocrx_word' id='word_1_43' title='bbox 1546 1567 1581 1635; x_wconf 93' lang='lat' dir='ltr'>in</span> 
     </span>
     <span class='ocr_line' id='line_1_7' title="bbox 343 1670 1583 1770; baseline 0.002 -25"><span class='ocrx_word' id='word_1_44' title='bbox 343 1672 474 1769; x_wconf 85' lang='lat' dir='ltr'>synodo</span> <span class='ocrx_word' id='word_1_45' title='bbox 492 1688 596 1748; x_wconf 86' lang='lat' dir='ltr'>tento</span> <span class='ocrx_word' id='word_1_46' title='bbox 613 1700 678 1770; x_wconf 87' lang='lat' dir='ltr'>per</span> <span class='ocrx_word' id='word_1_47' title='bbox 701 1678 857 1748; x_wconf 86' lang='lat' dir='ltr'>eundem</span> <span class='ocrx_word' id='word_1_48' title='bbox 883 1676 994 1769; x_wconf 86' lang='lat' dir='ltr'>apud·</span> <span class='ocrx_word' id='word_1_49' title='bbox 1008 1674 1106 1749; x_wconf 90' lang='lat' dir='ltr'>suam</span> <span class='ocrx_word' id='word_1_50' title='bbox 1126 1670 1311 1747; x_wconf 85' lang='lat' dir='ltr'>ecclesiam</span> <span class='ocrx_word' id='word_1_51' title='bbox 1339 1675 1583 1747; x_wconf 78' lang='lat' dir='ltr'>cathedralem</span> 
     </span>
     <span class='ocr_line' id='line_1_8' title="bbox 342 1777 1582 1881; baseline 0.002 -24"><span class='ocrx_word' id='word_1_52' title='bbox 342 1786 636 1860; x_wconf 86' lang='lat' dir='ltr'>Aberdonensem</span> <span class='ocrx_word' id='word_1_53' title='bbox 655 1790 795 1861; x_wconf 83' lang='lat' dir='ltr'>decimo</span> <span class='ocrx_word' id='word_1_54' title='bbox 813 1790 922 1859; x_wconf 81' lang='lat' dir='ltr'>tertio</span> <span class='ocrx_word' id='word_1_55' title='bbox 940 1788 999 1859; x_wconf 81' lang='lat' dir='ltr'>die</span> <span class='ocrx_word' id='word_1_56' title='bbox 1016 1784 1147 1859; x_wconf 87' lang='lat' dir='ltr'>mensis</span> <span class='ocrx_word' id='word_1_57' title='bbox 1161 1786 1298 1881; x_wconf 80' lang='lat' dir='ltr'>Aprilis</span> <span class='ocrx_word' id='word_1_58' title='bbox 1325 1810 1419 1859; x_wconf 89' lang='lat' dir='ltr'>anuo</span> <span class='ocrx_word' id='word_1_59' title='bbox 1434 1777 1582 1859; x_wconf 85' lang='lat' dir='ltr'>Domini</span> 
     </span>
     <span class='ocr_line' id='line_1_9' title="bbox 341 1895 1583 1996; baseline 0 -26"><span class='ocrx_word' id='word_1_60' title='bbox 341 1920 485 1972; x_wconf 75' lang='lat' dir='ltr'>muxu.</span> <span class='ocrx_word' id='word_1_61' title='bbox 504 1898 632 1993; x_wconf 84' lang='lat' dir='ltr'>inquo</span> <span class='ocrx_word' id='word_1_62' title='bbox 649 1902 798 1994; x_wconf 86' lang='lat' dir='ltr'>quidem</span> <span class='ocrx_word' id='word_1_63' title='bbox 812 1897 945 1995; x_wconf 81' lang='lat' dir='ltr'>synodo</span> <span class='ocrx_word' id='word_1_64' title='bbox 962 1896 1118 1996; x_wconf 79' lang='lat' dir='ltr'>suspensi</span> <span class='ocrx_word' id='word_1_65' title='bbox 1133 1910 1236 1972; x_wconf 87' lang='lat' dir='ltr'>eraut</span> <span class='ocrx_word' id='word_1_66' title='bbox 1254 1908 1436 1971; x_wconf 88' lang='lat' dir='ltr'>omneset</span> <span class='ocrx_word' id='word_1_67' title='bbox 1453 1895 1583 1995; x_wconf 84' lang='lat' dir='ltr'>singuli</span> 
     </span>
     <span class='ocr_line' id='line_1_10' title="bbox 341 2009 1581 2106; baseline 0.002 -25"><span class='ocrx_word' id='word_1_68' title='bbox 341 2014 471 2106; x_wconf 87' lang='lat' dir='ltr'>notarij</span> <span class='ocrx_word' id='word_1_69' title='bbox 489 2014 582 2085; x_wconf 86' lang='lat' dir='ltr'>infra</span> <span class='ocrx_word' id='word_1_70' title='bbox 600 2015 731 2085; x_wconf 69' lang='lat' dir='ltr'>distem</span> <span class='ocrx_word' id='word_1_71' title='bbox 750 2009 927 2085; x_wconf 82' lang='lat' dir='ltr'>diocesem</span> <span class='ocrx_word' id='word_1_72' title='bbox 945 2014 1211 2099; x_wconf 83' lang='lat' dir='ltr'>oommorautes</span> <span class='ocrx_word' id='word_1_73' title='bbox 1228 2014 1274 2083; x_wconf 92' lang='lat' dir='ltr'>ab</span> <span class='ocrx_word' id='word_1_74' title='bbox 1292 2012 1465 2086; x_wconf 83' lang='lat' dir='ltr'>exercitio</span> <span class='ocrx_word' id='word_1_75' title='bbox 1477 2010 1581 2105; x_wconf 84' lang='lat' dir='ltr'>offioij</span> 
     </span>
     <span class='ocr_line' id='line_1_11' title="bbox 340 2120 1583 2221; baseline 0.003 -28"><span class='ocrx_word' id='word_1_76' title='bbox 340 2126 539 2196; x_wconf 74' lang='lat' dir='ltr'><strong>notariatus</strong></span> <span class='ocrx_word' id='word_1_77' title='bbox 553 2127 714 2219; x_wconf 86' lang='lat' dir='ltr'>exceptis</span> <span class='ocrx_word' id='word_1_78' title='bbox 732 2120 1095 2221; x_wconf 81' lang='lat' dir='ltr'>magistris.Johanue</span> <span class='ocrx_word' id='word_1_79' title='bbox 1112 2124 1261 2219; x_wconf 75' lang='lat' dir='ltr'>G&#39;ardyn&#39;</span> <span class='ocrx_word' id='word_1_80' title='bbox 1276 2128 1413 2197; x_wconf 77' lang='lat' dir='ltr'>reeore</span> <span class='ocrx_word' id='word_1_81' title='bbox 1427 2125 1472 2196; x_wconf 88' lang='lat' dir='ltr'>de</span> <span class='ocrx_word' id='word_1_82' title='bbox 1489 2124 1583 2219; x_wconf 80' lang='lat' dir='ltr'>Tyro</span> 
     </span>
     <span class='ocr_line' id='line_1_12' title="bbox 339 2234 1580 2333; baseline 0.003 -28"><span class='ocrx_word' id='word_1_83' title='bbox 339 2234 507 2331; x_wconf 80' lang='lat' dir='ltr'>magistro</span> <span class='ocrx_word' id='word_1_84' title='bbox 525 2234 715 2308; x_wconf 85' lang='lat' dir='ltr'>Wiiieimo</span> <span class='ocrx_word' id='word_1_85' title='bbox 734 2236 819 2332; x_wconf 84' lang='lat' dir='ltr'>Hay</span> <span class='ocrx_word' id='word_1_86' title='bbox 835 2238 970 2309; x_wconf 80' lang='lat' dir='ltr'>ricario&#39;</span> <span class='ocrx_word' id='word_1_87' title='bbox 995 2238 1042 2309; x_wconf 87' lang='lat' dir='ltr'>de</span> <span class='ocrx_word' id='word_1_88' title='bbox 1069 2236 1209 2333; x_wconf 79' lang='lat' dir='ltr'>Mygvy</span> <span class='ocrx_word' id='word_1_89' title='bbox 1233 2237 1401 2310; x_wconf 81' lang='lat' dir='ltr'>Johanne</span> <span class='ocrx_word' id='word_1_90' title='bbox 1420 2237 1580 2310; x_wconf 87' lang='lat' dir='ltr'>Gibsouu</span> 
     </span>
     <span class='ocr_line' id='line_1_13' title="bbox 340 2344 1582 2445; baseline 0.004 -27"><span class='ocrx_word' id='word_1_91' title='bbox 340 2344 453 2420; x_wconf 88' lang='lat' dir='ltr'>scriba</span> <span class='ocrx_word' id='word_1_92' title='bbox 469 2350 604 2420; x_wconf 91' lang='lat' dir='ltr'>domiui</span> <span class='ocrx_word' id='word_1_93' title='bbox 630 2360 668 2421; x_wconf 86' lang='lat' dir='ltr'>et</span> <span class='ocrx_word' id='word_1_94' title='bbox 696 2350 895 2423; x_wconf 86' lang='lat' dir='ltr'>Laurentio</span> <span class='ocrx_word' id='word_1_95' title='bbox 911 2349 1038 2445; x_wconf 82' lang='lat' dir='ltr'>Cheyu</span> <span class='ocrx_word' id='word_1_96' title='bbox 1064 2352 1166 2422; x_wconf 83' lang='lat' dir='ltr'>curie</span> <span class='ocrx_word' id='word_1_97' title='bbox 1190 2346 1439 2424; x_wconf 79' lang='lat' dir='ltr'>consistorialis</span> <span class='ocrx_word' id='word_1_98' title='bbox 1464 2350 1582 2423; x_wconf 84' lang='lat' dir='ltr'>Aber-</span> 
     </span>
     <span class='ocr_line' id='line_1_14' title="bbox 341 2456 969 2536; baseline 0.011 -7"><span class='ocrx_word' id='word_1_99' title='bbox 341 2456 505 2532; x_wconf 85' lang='lat' dir='ltr'>donensrs</span> <span class='ocrx_word' id='word_1_100' title='bbox 519 2462 628 2532; x_wconf 88' lang='lat' dir='ltr'>etiam</span> <span class='ocrx_word' id='word_1_101' title='bbox 646 2459 760 2535; x_wconf 81' lang='lat' dir='ltr'>scriba</span> <span class='ocrx_word' id='word_1_102' title='bbox 777 2462 969 2536; x_wconf 82' lang='lat' dir='ltr'><strong>duntaxat.</strong></span> 
     </span>
    </p>
   </div>
   <div class='ocr_carea' id='block_1_3' title="bbox 566 2792 1255 2875">
    <p class='ocr_par' dir='ltr' id='par_1_5' title="bbox 566 2792 1255 2875">
     <span class='ocr_line' id='line_1_15' title="bbox 566 2792 1255 2875; baseline 0.004 -6"><span class='ocrx_word' id='word_1_103' title='bbox 566 2792 726 2870; x_wconf 89' lang='lat' dir='ltr'>Nomina</span> <span class='ocrx_word' id='word_1_104' title='bbox 742 2796 970 2873; x_wconf 82' lang='lat' dir='ltr'>admissorum</span> <span class='ocrx_word' id='word_1_105' title='bbox 990 2800 1225 2875; x_wconf 87' lang='lat' dir='ltr'>Notariorum</span> <span class='ocrx_word' id='word_1_106' title='bbox 1247 2840 1255 2855; x_wconf 94' lang='lat'><strong>·</strong></span> 
     </span>
    </p>
   </div>
   <div class='ocr_carea' id='block_1_4' title="bbox 291 3021 1576 4697">
    <p class='ocr_par' dir='ltr' id='par_1_6' title="bbox 292 3021 1160 3123">
     <span class='ocr_line' id='line_1_16' title="bbox 292 3021 1160 3123; baseline 0.006 -29"><span class='ocrx_word' id='word_1_107' title='bbox 292 3021 464 3119; x_wconf 79' lang='lat' dir='ltr'>Magister</span> <span class='ocrx_word' id='word_1_108' title='bbox 479 3023 504 3097; x_wconf 87' lang='lat' dir='ltr'>J</span> <span class='ocrx_word' id='word_1_109' title='bbox 506 3024 665 3096; x_wconf 87' lang='lat' dir='ltr'>ohannes</span> <span class='ocrx_word' id='word_1_110' title='bbox 681 3024 828 3120; x_wconf 86' lang='lat' dir='ltr'>Gardyu</span> <span class='ocrx_word' id='word_1_111' title='bbox 845 3030 961 3099; x_wconf 79' lang='lat' dir='ltr'>rettor</span> <span class='ocrx_word' id='word_1_112' title='bbox 977 3029 1023 3099; x_wconf 85' lang='lat' dir='ltr'>de</span> <span class='ocrx_word' id='word_1_113' title='bbox 1040 3027 1131 3123; x_wconf 84' lang='lat' dir='ltr'>Tyra</span> <span class='ocrx_word' id='word_1_114' title='bbox 1152 3061 1160 3078; x_wconf 94' lang='lat'><strong>·</strong></span> 
     </span>
    </p>

    <p class='ocr_par' dir='ltr' id='par_1_7' title="bbox 293 3132 1212 3235">
     <span class='ocr_line' id='line_1_17' title="bbox 293 3132 1212 3235; baseline 0.001 -28"><span class='ocrx_word' id='word_1_115' title='bbox 293 3132 466 3231; x_wconf 85' lang='lat' dir='ltr'>Magister</span> <span class='ocrx_word' id='word_1_116' title='bbox 483 3134 696 3208; x_wconf 85' lang='lat' dir='ltr'>Wiilelmus</span> <span class='ocrx_word' id='word_1_117' title='bbox 714 3135 798 3232; x_wconf 84' lang='lat' dir='ltr'>Hay</span> <span class='ocrx_word' id='word_1_118' title='bbox 815 3138 968 3211; x_wconf 83' lang='lat' dir='ltr'>vicarius</span> <span class='ocrx_word' id='word_1_119' title='bbox 986 3143 1032 3211; x_wconf 90' lang='lat' dir='ltr'>de</span> <span class='ocrx_word' id='word_1_120' title='bbox 1051 3140 1212 3235; x_wconf 79' lang='lat' dir='ltr'>Mygvy·</span> 
     </span>
    </p>

    <p class='ocr_par' dir='ltr' id='par_1_8' title="bbox 293 3246 866 3343">
     <span class='ocr_line' id='line_1_18' title="bbox 293 3246 866 3343; baseline 0.005 -25"><span class='ocrx_word' id='word_1_121' title='bbox 293 3246 464 3343; x_wconf 81' lang='lat' dir='ltr'>Magister</span> <span class='ocrx_word' id='word_1_122' title='bbox 475 3248 660 3321; x_wconf 87' lang='lat' dir='ltr'>Johauuas</span> <span class='ocrx_word' id='word_1_123' title='bbox 677 3246 839 3322; x_wconf 88' lang='lat' dir='ltr'>Gibsoun</span> <span class='ocrx_word' id='word_1_124' title='bbox 859 3285 866 3302; x_wconf 93' lang='lat'><strong>·</strong></span> 
     </span>
    </p>

    <p class='ocr_par' dir='ltr' id='par_1_9' title="bbox 292 3358 868 3456">
     <span class='ocr_line' id='line_1_19' title="bbox 292 3358 868 3456; baseline 0.003 -25"><span class='ocrx_word' id='word_1_125' title='bbox 292 3358 465 3455; x_wconf 82' lang='lat' dir='ltr'>Magister</span> <span class='ocrx_word' id='word_1_126' title='bbox 481 3359 699 3434; x_wconf 80' lang='lat' dir='ltr'>Laurentius</span> <span class='ocrx_word' id='word_1_127' title='bbox 717 3361 840 3456; x_wconf 87' lang='lat' dir='ltr'>Cheyn</span> <span class='ocrx_word' id='word_1_128' title='bbox 859 3400 868 3417; x_wconf 91' lang='lat'><strong>·</strong></span> 
     </span>
    </p>

    <p class='ocr_par' dir='ltr' id='par_1_10' title="bbox 291 3467 1576 3904">
     <span class='ocr_line' id='line_1_20' title="bbox 293 3467 1361 3570; baseline 0.006 -27"><span class='ocrx_word' id='word_1_129' title='bbox 293 3467 485 3567; x_wconf 80' lang='lat' dir='ltr'>[Magister</span> <span class='ocrx_word' id='word_1_130' title='bbox 502 3470 623 3545; x_wconf 91' lang='lat' dir='ltr'>Dauid</span> <span class='ocrx_word' id='word_1_131' title='bbox 643 3471 865 3546; x_wconf 82' lang='lat' dir='ltr'>Nichoisoun</span> <span class='ocrx_word' id='word_1_132' title='bbox 883 3475 921 3545; x_wconf 89' lang='lat' dir='ltr'>in</span> <span class='ocrx_word' id='word_1_133' title='bbox 938 3476 1070 3570; x_wconf 82' lang='lat' dir='ltr'>oppido</span> <span class='ocrx_word' id='word_1_134' title='bbox 1088 3475 1361 3549; x_wconf 86' lang='lat' dir='ltr'>Aberdouensr·</span> 
     </span>
     <span class='ocr_line' id='line_1_21' title="bbox 292 3582 1494 3683; baseline 0.002 -29"><span class='ocrx_word' id='word_1_135' title='bbox 292 3582 465 3679; x_wconf 80' lang='lat' dir='ltr'>Magister</span> <span class='ocrx_word' id='word_1_136' title='bbox 479 3584 665 3683; x_wconf 84' lang='lat' dir='ltr'>Johanues</span> <span class='ocrx_word' id='word_1_137' title='bbox 684 3585 829 3680; x_wconf 85' lang='lat' dir='ltr'>Guthry</span> <span class='ocrx_word' id='word_1_138' title='bbox 847 3626 856 3643; x_wconf 91' lang='lat'><strong>·</strong></span> <span class='ocrx_word' id='word_1_139' title='bbox 1490 3648 1494 3656; x_wconf 94' lang='lat'>.</span> 
     </span>
     <span class='ocr_line' id='line_1_22' title="bbox 291 3694 1576 3800; baseline 0.009 -35"><span class='ocrx_word' id='word_1_140' title='bbox 291 3694 443 3769; x_wconf 81' lang='lat' dir='ltr'>Thomas</span> <span class='ocrx_word' id='word_1_141' title='bbox 460 3696 666 3791; x_wconf 84' lang='lat' dir='ltr'>Dasioquhy</span> <span class='ocrx_word' id='word_1_142' title='bbox 682 3697 794 3770; x_wconf 85' lang='lat' dir='ltr'>laicus</span> <span class='ocrx_word' id='word_1_143' title='bbox 812 3738 820 3755; x_wconf 92' lang='lat'><strong>·</strong></span> <span class='ocrx_word' id='word_1_144' title='bbox 1035 3700 1241 3799; x_wconf 70' lang='lat' dir='ltr'>[Dotoqudy</span> <span class='ocrx_word' id='word_1_145' title='bbox 1260 3726 1361 3774; x_wconf 79' lang='lat' dir='ltr'>uzano</span> <span class='ocrx_word' id='word_1_146' title='bbox 1373 3707 1519 3800; x_wconf 77' lang='lat' dir='ltr'>propria</span> <span class='ocrx_word' id='word_1_147' title='bbox 1537 3704 1576 3799; x_wconf 93' lang='lat'>·]</span> 
     </span>
     <span class='ocr_line' id='line_1_23' title="bbox 293 3804 782 3904; baseline 0.006 -25"><span class='ocrx_word' id='word_1_148' title='bbox 293 3804 465 3904; x_wconf 82' lang='lat' dir='ltr'>Magister</span> <span class='ocrx_word' id='word_1_149' title='bbox 480 3808 636 3883; x_wconf 85' lang='lat' dir='ltr'>&#39;shomas</span> <span class='ocrx_word' id='word_1_150' title='bbox 650 3810 755 3883; x_wconf 86' lang='lat' dir='ltr'>Seres</span> <span class='ocrx_word' id='word_1_151' title='bbox 774 3850 782 3869; x_wconf 92' lang='lat'><strong>·</strong></span> 
     </span>
    </p>

    <p class='ocr_par' dir='ltr' id='par_1_11' title="bbox 292 3916 1120 4020">
     <span class='ocr_line' id='line_1_24' title="bbox 292 3916 1120 4020; baseline 0.011 -30"><span class='ocrx_word' id='word_1_152' title='bbox 292 3916 465 4016; x_wconf 80' lang='lat' dir='ltr'>Magister</span> <span class='ocrx_word' id='word_1_153' title='bbox 481 3920 662 3995; x_wconf 88' lang='lat' dir='ltr'>Robertus</span> <span class='ocrx_word' id='word_1_154' title='bbox 681 3921 873 3996; x_wconf 83' lang='lat' dir='ltr'>Lumisdan</span> <span class='ocrx_word' id='word_1_155' title='bbox 893 3922 1094 4020; x_wconf 80' lang='lat' dir='ltr'>subscripsit</span> <span class='ocrx_word' id='word_1_156' title='bbox 1113 3964 1120 3981; x_wconf 92' lang='lat'><strong>·</strong></span> 
     </span>
    </p>

    <p class='ocr_par' dir='ltr' id='par_1_12' title="bbox 294 4031 1188 4135">
     <span class='ocr_line' id='line_1_25' title="bbox 294 4031 1188 4135; baseline 0.011 -32"><span class='ocrx_word' id='word_1_157' title='bbox 294 4031 465 4129; x_wconf 76' lang='lat' dir='ltr'>Magister</span> <span class='ocrx_word' id='word_1_158' title='bbox 481 4032 666 4107; x_wconf 85' lang='lat' dir='ltr'>Johanues</span> <span class='ocrx_word' id='word_1_159' title='bbox 684 4035 767 4108; x_wconf 85' lang='lat' dir='ltr'>Bell</span> <span class='ocrx_word' id='word_1_160' title='bbox 785 4038 946 4108; x_wconf 89' lang='lat' dir='ltr'>notarius</span> <span class='ocrx_word' id='word_1_161' title='bbox 963 4036 1166 4135; x_wconf 75' lang='lat' dir='ltr'>subscripsit</span> <span class='ocrx_word' id='word_1_162' title='bbox 1181 4084 1188 4099; x_wconf 91' lang='lat'><strong>·</strong></span> 
     </span>
    </p>

    <p class='ocr_par' dir='ltr' id='par_1_13' title="bbox 293 4144 930 4241">
     <span class='ocr_line' id='line_1_26' title="bbox 293 4144 930 4241; baseline 0.009 -28"><span class='ocrx_word' id='word_1_163' title='bbox 293 4144 466 4241; x_wconf 78' lang='lat' dir='ltr'>Magister</span> <span class='ocrx_word' id='word_1_164' title='bbox 480 4145 666 4219; x_wconf 73' lang='lat' dir='ltr'>iohannes</span> <span class='ocrx_word' id='word_1_165' title='bbox 684 4146 906 4221; x_wconf 88' lang='lat' dir='ltr'>Niohoisoun</span> <span class='ocrx_word' id='word_1_166' title='bbox 922 4190 930 4204; x_wconf 94' lang='lat'><strong>·</strong></span> 
     </span>
    </p>

    <p class='ocr_par' dir='ltr' id='par_1_14' title="bbox 292 4254 893 4333">
     <span class='ocr_line' id='line_1_27' title="bbox 292 4254 893 4333; baseline 0.012 -7"><span class='ocrx_word' id='word_1_167' title='bbox 292 4254 467 4328; x_wconf 83' lang='lat' dir='ltr'>Dominus</span> <span class='ocrx_word' id='word_1_168' title='bbox 483 4257 507 4327; x_wconf 92' lang='lat' dir='ltr'>J</span> <span class='ocrx_word' id='word_1_169' title='bbox 510 4258 670 4331; x_wconf 83' lang='lat' dir='ltr'>ohannes</span> <span class='ocrx_word' id='word_1_170' title='bbox 686 4258 865 4333; x_wconf 89' lang='lat' dir='ltr'>Thomson</span> <span class='ocrx_word' id='word_1_171' title='bbox 884 4297 893 4315; x_wconf 95' lang='lat'><strong>·</strong></span> 
     </span>
    </p>

    <p class='ocr_par' dir='ltr' id='par_1_15' title="bbox 292 4368 719 4444">
     <span class='ocr_line' id='line_1_28' title="bbox 292 4368 719 4444; baseline 0.028 -12"><span class='ocrx_word' id='word_1_172' title='bbox 292 4368 473 4442; x_wconf 83' lang='lat' dir='ltr'>Johamree</span> <span class='ocrx_word' id='word_1_173' title='bbox 487 4368 691 4444; x_wconf 84' lang='lat' dir='ltr'>Howesoun</span> <span class='ocrx_word' id='word_1_174' title='bbox 711 4414 719 4429; x_wconf 94' lang='lat'><strong>·</strong></span> 
     </span>
    </p>

    <p class='ocr_par' dir='ltr' id='par_1_16' title="bbox 295 4479 1175 4582">
     <span class='ocr_line' id='line_1_29' title="bbox 295 4479 1175 4582; baseline 0.017 -35"><span class='ocrx_word' id='word_1_175' title='bbox 295 4479 465 4575; x_wconf 83' lang='lat' dir='ltr'>Magister</span> <span class='ocrx_word' id='word_1_176' title='bbox 482 4481 919 4558; x_wconf 84' lang='lat' dir='ltr'>WiileimusMeldrum·</span> <span class='ocrx_word' id='word_1_177' title='bbox 1173 4576 1175 4582; x_wconf 67' lang='lat'>,</span> 
     </span>
    </p>

    <p class='ocr_par' dir='ltr' id='par_1_17' title="bbox 295 4591 1168 4697">
     <span class='ocr_line' id='line_1_30' title="bbox 295 4591 1168 4697; baseline 0.016 -36"><span class='ocrx_word' id='word_1_178' title='bbox 295 4591 466 4686; x_wconf 72' lang='lat' dir='ltr'>magister</span> <span class='ocrx_word' id='word_1_179' title='bbox 481 4593 665 4668; x_wconf 84' lang='lat' dir='ltr'>Johauues</span> <span class='ocrx_word' id='word_1_180' title='bbox 682 4598 853 4671; x_wconf 89' lang='lat' dir='ltr'>Chalmer</span> <span class='ocrx_word' id='word_1_181' title='bbox 870 4624 979 4672; x_wconf 90' lang='lat' dir='ltr'>manu</span> <span class='ocrx_word' id='word_1_182' title='bbox 1000 4605 1143 4697; x_wconf 88' lang='lat' dir='ltr'>propria</span> <span class='ocrx_word' id='word_1_183' title='bbox 1160 4642 1168 4659; x_wconf 93' lang='lat'><strong>·</strong></span> 
     </span>
    </p>
   </div>
   <div class='ocr_carea' id='block_1_5' title="bbox 0 0 2030 5534">
    <p class='ocr_par' dir='ltr' id='par_1_18' title="bbox 0 0 2030 5534">
     <span class='ocr_line' id='line_1_31' title="bbox 0 0 2030 5534; baseline 0 2"><span class='ocrx_word' id='word_1_184' title='bbox 0 0 2030 5534; x_wconf 95' lang='lat' dir='ltr'> </span> 
     </span>
    </p>
   </div>
  </div>
 </body>
</html>
