4050 5534
416 670 488 743 306
934 662 1240 740 REGISTRUM
1602 668 1754 765 [sucum

419 878 534 941 tutem
553 874 592 939 et
609 864 763 937 liberum
780 862 935 959 burgum
949 866 987 937 iu
999 864 1148 937 beronio
1160 862 1401 959 spectantibus
1412 864 1473 939 sou
1490 862 1581 939 iuste
1598 864 1755 961 spectare

420 980 625 1054 volentibus
642 976 914 1071 quomodolibet
936 977 1153 1048 infuturum
1170 987 1209 1049 et
1225 978 1315 1051 odeo
1333 976 1445 1051 libere
1458 980 1582 1071 quiete
1598 978 1757 1072 plenarie

419 1098 561 1188 integre
577 1087 774 1162 honorifice
791 1088 884 1159 bene
901 1098 940 1159 et
964 1090 1002 1159 in
1029 1111 1117 1183 poce
1140 1090 1176 1159 in
1195 1090 1362 1162 omnibus
1379 1101 1418 1163 et
1436 1114 1500 1185 per
1516 1092 1637 1161 omniu
1653 1084 1757 1159 fieuti

420 1206 541 1300 aliquo
550 1204 680 1275 ciuitas
691 1194 902 1273 minerfitos
911 1208 976 1273 out
986 1200 1120 1295 burgus
1131 1200 1169 1271 in
1178 1200 1326 1272 beronio
1336 1202 1427 1274 infru
1438 1224 1590 1298 regnum
1600 1196 1759 1273 nostrum

422 1318 546 1389 Scotie
572 1310 842 1407 quibuscunque
871 1312 1096 1405 temporibus
1125 1312 1311 1383 retroobiis
1336 1312 1541 1387 infeodetur
1567 1312 1628 1385 scu
1658 1324 1760 1383 tene-

422 1440 484 1501 tur
501 1468 509 1485 ·
527 1412 686 1520 predicta
703 1420 823 1495 nostro
838 1424 999 1519 generali
1016 1424 1248 1495 reuocationo
1264 1434 1328 1497 out
1346 1424 1425 1519 nlijs
1441 1449 1514 1498 non
1535 1422 1760 1498 obstantibus

423 1536 694 1634 quibuscunque
707 1559 750 1607 00
765 1532 841 1606 sure
858 1534 979 1627 aliquo
993 1536 1226 1607 reuocatione
1243 1545 1282 1608 et
1300 1538 1584 1611 contraditioioue
1599 1534 1707 1609 nostri
1721 1550 1761 1609 et

424 1645 657 1725 successorum
674 1644 875 1718 nostrorum
892 1667 1189 1741 quorumcunque
1214 1648 1448 1741 quouismodo
1467 1647 1573 1745 super
1589 1646 1761 1745 premiffis

424 1761 596 1838 faciendis
613 1760 651 1831 in
669 1758 832 1830 buturum
850 1798 859 1813 ·
877 1753 923 1829 In
936 1758 1038 1831 cuius
1055 1760 1107 1829 rei
1125 1754 1369 1833 testimonium
1388 1762 1473 1835 hnic
1490 1759 1644 1857 presenti
1662 1774 1761 1835 curte

424 1872 544 1947 nostre
558 1892 729 1968 magnum
743 1866 899 1966 sigillum
912 1868 1073 1941 nostrum
1087 1872 1218 1963 opponi
1231 1874 1449 1966 precipimus
1462 1914 1471 1933 ·
1482 1870 1646 1945 Testibus
1659 1872 1762 1945 oeris-

425 1985 513 2059 srmo
529 1987 641 2059 fratre
657 1978 778 2055 nostro
794 1980 933 2055 Jacobo
950 1980 1074 2055 sonui
1087 1980 1238 2055 Andree
1255 1982 1519 2081 archiepiscopo
1533 1986 1625 2057 duee
1642 1981 1761 2058 Roffie

425 2111 485 2173 etc
515 2138 524 2155 ·
554 2090 832 2187 reuerendisque
865 2094 903 2164 in
939 2090 1081 2165 Christo
1114 2094 1276 2188 putribus
1306 2094 1467 2169 Roberto
1501 2094 1762 2193 archiepiscopo

426 2204 635 2307 Glosguensr
653 2246 663 2267 ο
681 2206 839 2301 00011ἃο
863 2203 1053 2277 Willelmo
1077 2204 1240 2301 episcopo
1263 2204 1527 2281 Abbirdonenfi
1553 2246 1563 2267 ·
1586 2205 1764 2281 (111οἃ1111-

426 2320 563 2417 misquc
579 2318 851 2413 consanguineis
868 2314 997 2389 nostris
1014 2317 1171 2414 Georgio
1196 2322 1330 2392 comite
1347 2320 1393 2392 de
1411 2320 1603 2415 Huuthlye
1620 2322 1764 2393 domino

426 2433 635 2529 Bedqenoth
669 2429 882 2504 cancellario
915 2426 1035 2502 nostro
1070 2470 1078 2491 ·
1113 2421 1334 2505 Archiboldo
1363 2435 1497 2505 comite
1531 2433 1576 2505 (10
1609 2432 1765 2529 Argylle

427 2550 573 2620 domino
603 2541 769 2617 Cambell
799 2554 838 2613 et
868 2540 987 2614 Lorne
1014 2541 1182 2639 magistro
1208 2540 1353 2638 hospicij
1385 2540 1520 2616 nostri·
1544 2545 1764 2619 Archibuldo

427 2662 560 2734 comite
585 2652 748 2751 Anguste
773 2656 919 2727 domino
949 2653 1110 2750 Dougles
1140 2696 1148 2713 ·
1181 2654 1337 2727 Patricio
1354 2658 1487 2729 comite
1513 2658 1558 2729 (10
1584 2656 1763 2731 Bothweli

428 2772 574 2845 domino
607 2767 737 2863 Huyiis
764 2806 773 2823 ·
803 2765 1014 2838 Alexandro
1044 2767 1189 2839 domino
1224 2766 1356 2839 mee
1381 2770 1575 2841 camerario
1609 2766 1762 2842 nostro·

427 2884 595 2959 Johonne
620 2882 768 2953 domino
793 2877 1023 2951 Drummond
1041 2876 1232 2952 iusticicrio
1258 2876 1377 2950 nostro
1406 2920 1413 2937 ·
1445 2880 1709 2955 venerabilibus
1726 2884 1763 2953 in

314 3038 319 3047 ·
429 2994 571 3071 Christo
588 2994 750 3088 putribus
774 2990 943 3063 Jobonne
965 2992 1083 3085 priore
1107 2990 1231 3065 Sanni
1251 2989 1427 3063 Andree·
1451 2992 1609 3090 Georgio
1635 2995 1766 3067 abbate

430 3111 475 3181 de
499 3104 788 3200 Dunsermling·
819 3102 980 3174 Heurico
1001 3101 1132 3176 obbute
1160 3104 1205 3175 de
1228 3100 1575 3199 Combuskynnoth·
1607 3106 1767 3179 Roberto

430 3222 559 3313 Londy
575 3218 621 3290 (10
647 3215 826 3311 Bullgouy
846 3214 964 3287 milite
985 3214 1206 3289 thesaurario
1231 3210 1350 3287 nostro
1378 3254 1386 3273 ·
1418 3228 1456 3289 ct
1474 3216 1613 3290 dilectis
1630 3218 1769 3292 clericis

429 3329 558 3405 nostris
573 3324 752 3423 magistris
776 3326 956 3397 Richordo
974 3326 1171 3421 Muyrbeid
1188 3328 1324 3401 (100000
1348 3325 1557 3423 Glosgueufi
1581 3328 1769 3403 secretorio

430 3441 550 3515 nostro
563 3480 573 3500 ·
584 3440 746 3513 Roberto
762 3438 808 3509 de
826 3435 1005 3509 Fontibus
1022 3438 1271 3511 archidiacono
1289 3438 1410 3511 Sentii
1428 3440 1598 3513 Andreo·
1616 3452 1655 3515 et
1667 3440 1771 3514 Wol-

430 3568 510 3629 tero
534 3550 792 3624 Drommwnde
826 3549 962 3621 (100000
985 3544 1247 3623 Dumbioneuss
1269 3546 1470 3623 nostrorum
1500 3552 1699 3626 rotulorum
1730 3568 1770 3627 et

430 3662 570 3762 registri
597 3686 639 3735 oc
667 3656 804 3755 confilij
827 3659 990 3733 clerico·
1019 3656 1130 3752 Apud
1149 3658 1346 3752 Lythquho
1372 3655 1539 3735 vicesimo
1565 3664 1680 3755 primo
1710 3663 1769 3736 die

431 3774 563 3851 mensus
589 3770 747 3871 Augusti
772 3796 867 3845 cuno
886 3771 1035 3845 Domini
1061 3768 1250 3843 millesimo
1279 3769 1629 3867 quadringentesimo
1658 3798 1770 3847 nono-

431 3887 566 3989 gefimo
583 3887 711 3959 080000
728 3894 767 3957 et
783 3886 884 3981 regni
902 3880 1013 3956 nostri
1032 3883 1220 3955 vndeeimo
1238 3924 1246 3941 ·

434 4217 565 4288 Letter
580 4214 623 4283 os
634 4210 807 4307 bailginry
824 4218 864 4281 to
881 4208 945 4281 the
963 4206 1051 4281 Erle
1067 4209 1109 4280 of
1121 4208 1278 4281 Huutlie
1295 4246 1304 4265 ·

485 4438 540 4509 Be
556 4440 586 4509 it
602 4435 699 4507 kend
717 4433 775 4507 till
791 4432 841 4505 oli
858 4455 943 4505 men
959 4432 1006 4504 be
1023 4432 1096 4503 thir
1119 4431 1263 4526 present
1288 4430 1437 4507 letteres
1455 4456 1505 4507 ws
1523 4432 1709 4512 Williome
1727 4438 1770 4511 be

434 4554 498 4625 the
514 4570 636 4642 mercy
651 4547 693 4619 oi
713 4546 796 4620 (iod
821 4542 988 4639 bischope
1004 4545 1047 4617 of
1066 4543 1262 4617 Aberdene
1279 4545 1366 4618 with
1392 4569 1519 4641 expres
1536 4548 1685 4625 consent
1700 4553 1771 4627 und
