4050 5534
721 1742 1118 1843 APPENDIX.

254 2302 368 2396 Copia
383 2301 567 2375 notarialie
584 2302 770 2374 evidencie
786 2302 936 2394 antique
952 2342 961 2359 ·

257 2505 310 2602 In
321 2528 393 2601 Dei
404 2528 550 2599 nomine
563 2550 669 2600 emen
683 2519 888 2601 ·Vniuersr'a
902 2535 940 2599 et
953 2523 1102 2621 singulis
1113 2522 1297 2620 presentes
1307 2526 1448 2601 litteras
1459 2527 1594 2623 inspec-

253 2644 342 2715 turis
360 2640 486 2713 balliui
509 2650 546 2711 et
570 2637 732 2712 consules
748 2642 852 2736 burgi
875 2640 921 2711 de
947 2638 1168 2732 Linlitbqwo
1186 2635 1337 2711 stlutem
1356 2642 1393 2713 in
1412 2640 1592 2712 Domino·

254 2754 292 2826 N
293 2755 441 2826 oueritie
452 2753 548 2847 quod
561 2773 681 2823 coram
691 2753 795 2823 nobis
808 2776 872 2847 pro
887 2750 1060 2824 tribunali
1087 2747 1292 2823 sedentibus
1303 2754 1339 2823 in
1352 2754 1484 2825 iudicio
1498 2776 1595 2824 eom·

251 2868 371 2962 paruit
400 2864 615 2937 venerabilia
642 2873 681 2935 et
714 2861 899 2959 religiosus
923 2866 979 2934 vir
1003 2863 1127 2934 ffreter
1153 2862 1331 2935 Patricius
1361 2865 1407 2937 de
1437 2864 1593 2961 Scugele

252 2980 356 3051 milee
371 2978 507 3050 ordinis
532 2974 645 3050 saneti
670 2975 847 3049 Jobannis
871 2974 1075 3048 Jerusalem
1102 2974 1148 3045 de
1178 2973 1384 3072 Torfiching
1413 2980 1593 3069 quandam

250 3094 439 3185 antiquam
452 3089 677 3161 euidenciem
694 3090 733 3160 in
746 3112 964 3184 pergameno
977 3085 1147 3182 scriptam
1160 3090 1262 3159 cuius
1275 3096 1381 3159 tenor
1393 3100 1431 3161 et
1445 3088 1594 3162 effeeus

250 3204 399 3276 inferius
432 3199 601 3273 inseritur
644 3200 790 3274 realiter
827 3201 1000 3295 produxit
1034 3212 1073 3271 et
1113 3197 1337 3294 judicialiter
1370 3199 1593 3295 presentauit

251 3316 355 3388 nobie
370 3312 603 3409 supplicando
628 3323 807 3407 quatenus
831 3314 1045 3386 austeritate
1069 3308 1189 3385 nostra
1214 3311 1367 3385 velimus
1392 3313 1593 3385 huiusmodi

252 3428 395 3500 literam
407 3422 482 3498 fine
495 3424 721 3497 euidenciam
734 3450 799 3520 per
809 3426 993 3497 notarium
1005 3422 1191 3518 publicum
1206 3424 1471 3519 infrascriptum
1482 3424 1594 3499 trans-

252 3538 340 3612 snmi
358 3548 398 3611 et
414 3536 613 3632 exemplari
629 3562 672 3609 ac
685 3540 724 3610 in
748 3538 930 3633 publicam
953 3533 1158 3629 transcripti
1186 3536 1337 3607 sormam
1363 3538 1476 3633 redigi
1493 3560 1594 3610 man-

251 3656 337 3727 dere
354 3694 363 3711 ·
383 3650 464 3724 Noa
480 3673 566 3723 vero
582 3652 817 3723 attendentes
833 3646 1037 3721 huiusmodi
1056 3644 1352 3741 supplicationem
1369 3648 1446 3721 fore
1462 3648 1592 3722 iustam

251 3780 289 3839 et
305 3766 437 3839 rationi
454 3761 647 3837 consonam
662 3763 893 3836 intimatione
910 3760 1056 3854 publica
1072 3761 1171 3853 prins
1189 3760 1284 3831 faita
1296 3761 1427 3833 dietam
1446 3762 1592 3834 eniden-

250 3881 343 3951 ciam
361 3877 547 3949 tenuimus
563 3874 790 3970 palpanimue
806 3882 846 3945 et
863 3872 1059 3966 diligenter
1075 3872 1363 3944 examineuimns
1380 3898 1421 3946 ac
1439 3876 1591 3946 eandem

250 4014 314 4085 per
330 3988 512 4061 notarium
533 3986 801 4079 intlascriptnm
826 3981 1014 4057 transcribi
1040 3984 1174 4076 copiari
1205 3994 1243 4055 et
1261 3985 1460 4080 exemplari
1489 3995 1527 4058 et
1552 3988 1590 4058 in

250 4102 433 4196 publicam
458 4097 662 4194 transcripti
692 4099 845 4171 sormam
874 4096 987 4190 redigi
1004 4095 1257 4167 mandauimue
1283 4098 1385 4169 cuiue
1408 4098 1592 4172 euidentie

153 4259 159 4282 ,
251 4223 358 4285 tenor
373 4210 536 4305 sequitur
550 4212 589 4283 in
606 4212 674 4284 hac
691 4211 807 4281 sorma
831 4248 840 4265 ·
860 4204 1049 4280 Vniuersrs
1064 4204 1184 4279 senec
1202 4210 1326 4280 matris
1342 4208 1491 4283 ecclesie
1508 4211 1591 4307 filijs

252 4324 427 4397 Matheue
437 4322 509 4395 Dei
519 4323 637 4417 gretia
647 4318 914 4395 Aberdonenfie
925 4316 1073 4394 ecclesie
1084 4316 1246 4391 minister
1256 4321 1403 4395 humilia
1415 4320 1566 4397 salutem
1583 4368 1590 4387 ·

251 4437 378 4510 Sciant
390 4432 575 4530 presentes
591 4443 630 4506 et
647 4435 761 4505 futuri
777 4456 844 4506 noe
860 4434 905 4506 ad
916 4430 1221 4527 presentationem
1239 4434 1359 4506 fratria
1372 4435 1529 4509 Gilberti
1546 4439 1591 4510 de

254 4548 332 4620 Ver
348 4559 624 4640 ceterorumque
648 4546 800 4619 fratrum
818 4542 927 4619 saner
952 4543 1136 4639 hospitalia
1163 4542 1444 4619 Jerosolimitani
1467 4550 1593 4643 prioris
