4050 5534
406 640 451 707 62
926 629 1234 705 REGISTRUII
1602 632 1754 727 [sucum

411 945 467 1016 De
484 945 582 1015 horis
600 944 736 1014 diuinis
753 943 981 1014 celebrandis
998 983 1007 998 ·

409 1147 548 1242 Primo
572 1167 670 1259 quod
697 1189 824 1236 omues
853 1165 1098 1255 ebdomedarij
1127 1165 1269 1236 diaconi
1293 1175 1331 1236 et
1357 1163 1564 1238 subdiaconi
1582 1177 1621 1238 et
1638 1167 1757 1261 capel-

408 1282 480 1352 lani
507 1277 628 1351 nostre
646 1278 793 1349 domine
808 1276 987 1370 capellani
1004 1276 1225 1368 capitulares
1250 1289 1417 1350 cantores
1435 1281 1642 1372 quicunque
1664 1281 1758 1351 ordi-

408 1395 485 1464 nati
511 1392 733 1463 conueniant
751 1391 790 1460 in
807 1389 917 1460 choro
934 1391 973 1458 in
989 1388 1175 1458 habitibus
1195 1387 1267 1459 suis
1292 1391 1385 1460 citra
1409 1391 1519 1460 finem
1545 1389 1756 1484 pulsationis

408 1505 565 1577 secunde
590 1524 765 1594 campane
782 1512 821 1570 et
838 1500 935 1592 quod
960 1499 1130 1570 collocati
1148 1495 1218 1569 srut
1245 1502 1283 1570 iu
1308 1497 1422 1571 stallis
1447 1499 1520 1572 suis
1541 1515 1629 1572 ante
1646 1503 1756 1574 linem

409 1614 653 1710 tbpradictum
679 1612 745 1683 sub
770 1635 865 1704 pena
889 1605 1081 1681 cuiussibet
1100 1649 1108 1666 ·
1129 1609 1172 1679 Iu
1200 1607 1292 1681 sesto
1309 1612 1445 1705 duplici
1471 1615 1597 1684 maiori
1616 1617 1653 1684 iu
1671 1638 1758 1707 qua·

410 1729 502 1798 libet
518 1727 607 1797 bora
622 1747 754 1818 magua
774 1724 848 1814 iiij·
866 1719 903 1792 d.
921 1725 1016 1792 etin
1034 1721 1197 1812 qualibet
1223 1723 1311 1794 bora
1331 1727 1462 1794 minori
1596 1723 1633 1796 d.
1654 1727 1701 1798 Et
1719 1730 1756 1797 iu

409 1839 509 1910 festis
538 1841 577 1908 ix
604 1837 798 1908 lettiouem
826 1837 863 1904 iu
893 1834 982 1904 hora
1010 1857 1144 1926 magna
1168 1835 1215 1924 ·ij·
1240 1832 1277 1905 d.
1305 1845 1344 1906 et
1374 1837 1413 1906 in
1436 1839 1636 1909 minoribus
1661 1839 1756 1910 boris

409 1953 560 2023 obulum
578 1992 587 2006 ·
606 1959 645 2020 et
662 1951 699 2018 iu
717 1947 846 2018 dicbus
863 1949 1034 2017 feriarum
1053 1969 1117 2038 pro
1134 1946 1296 2038 qualibet
1321 1948 1409 2019 bora
1431 1971 1562 2043 magna
1579 1950 1726 2022 obulum
1746 1993 1755 2008 ·

410 2065 508 2134 idem
530 2066 569 2134 iu
587 2061 785 2131 minoribus
808 2060 905 2129 horis
922 2099 931 2114 ·
951 2057 1049 2127 Item
1076 2081 1202 2128 omues
1227 2059 1287 2151 alij
1306 2061 1368 2151 qui
1395 2063 1432 2130 iu
1458 2062 1567 2132 choro
1592 2060 1756 2136 iuterelle

410 2178 546 2246 debent
564 2177 600 2244 in
618 2173 799 2263 aliquibus
814 2172 912 2240 boris
928 2170 967 2240 in
984 2171 1174 2239 matutinis
1191 2181 1278 2240 ante
1291 2171 1401 2241 tinem
1418 2169 1544 2265 psalmi
1558 2195 1702 2246 unsrun
1719 2179 1755 2247 iu

409 2285 509 2358 milla
521 2298 608 2357 aute
621 2285 789 2354 ultimum
804 2281 1139 2352 Krnrnntnnrson
1157 2283 1196 2352 in
1213 2282 1294 2375 alijs
1311 2282 1407 2354 horis
1423 2299 1510 2356 aute
1524 2287 1632 2356 tinem
1652 2289 1756 2380 primi

411 2399 535 2490 psalmi
553 2392 720 2468 iuteresse
732 2394 890 2464 debeant
903 2391 969 2462 sub
985 2415 1081 2485 pena
1097 2395 1196 2486 prius
1214 2403 1341 2465 taxata
1353 2406 1392 2466 vt
1407 2393 1512 2490 supra
1528 2400 1633 2469 iuxta
1644 2397 1755 2471 festa·

411 2511 508 2580 Item
526 2510 623 2602 quod
648 2505 771 2577 nullm
795 2504 1040 2599 predictorum
1066 2505 1212 2575 recedat
1230 2507 1276 2576 de
1293 2507 1402 2577 choro
1427 2522 1513 2580 aute
1538 2509 1646 2580 linem
1671 2512 1758 2583 hore

410 2618 476 2692 nist
501 2623 595 2690 sorte
620 2613 831 2688 necessitate
851 2625 1003 2710 cogetur
1019 2625 1058 2686 et
1076 2625 1164 2686 tunc
1190 2619 1307 2710 petita
1331 2629 1370 2688 et
1396 2621 1548 2692 obtentu
1568 2620 1758 2696 licenciaa

411 2729 615 2828 presidente
631 2731 730 2801 chori
747 2725 886 2798 scilicet
902 2729 1041 2798 decano
1061 2725 1163 2821 [aut]
1183 2739 1331 2800 cantore
1344 2742 1384 2801 et
1401 2733 1438 2800 in
1451 2731 1617 2806 absencia
1633 2759 1757 2806 eorum

410 2871 433 2916 a
449 2845 623 2916 canonico
642 2839 876 2912 interessente
895 2863 961 2933 pro
986 2851 1075 2910 tuuc
1093 2881 1101 2896 ·
1121 2851 1160 2910 et
1185 2841 1222 2911 in
1248 2840 1416 2914 absencia
1439 2849 1603 2917 canonici
1629 2847 1676 2918 ab
1696 2849 1758 2920 eb-

410 2957 610 3028 domidario
634 2951 701 3024 nisr
727 2955 823 3022 sorte
839 2954 877 3022 iu
895 2947 994 3022 missa
1011 2953 1049 3021 iu
1067 2975 1139 3043 quo
1161 2950 1242 3023 casu
1268 2964 1358 3024 tunc
1376 2979 1398 3025 a
1414 2967 1562 3028 cantore
1587 2959 1685 3029 chori
1711 2984 1758 3031 ex

410 3081 514 3162 parte
539 3068 603 3138 illa
620 3068 657 3136 in
675 3089 746 3156 qua
770 3061 826 3134 est
850 3063 1117 3135 ebdomidarius
1135 3073 1173 3133 et
1191 3073 1291 3135 certa
1308 3075 1347 3134 rt
1365 3064 1471 3159 supra
1496 3069 1621 3141 habita
1646 3069 1759 3142 consr-

411 3182 599 3252 deratioue
615 3177 660 3248 ad
678 3174 769 3246 festa
784 3176 923 3245 maiora
946 3177 1088 3244 minora
1104 3185 1142 3244 et
1161 3177 1238 3246 dies
1255 3176 1398 3248 feriales
1415 3219 1423 3234 ·
1444 3179 1540 3250 Item
1558 3205 1683 3255 omnes
1704 3188 1760 3256 in·

411 3303 551 3364 trantes
568 3301 607 3360 et
624 3297 802 3359 exeuntes
819 3289 968 3358 chorum
985 3289 1048 3380 qui
1075 3287 1209 3358 ibidem
1228 3288 1393 3360 interesse
1415 3302 1588 3363 tenentur
1610 3295 1761 3368 inclina·

411 3406 531 3474 tiones
547 3403 681 3472 saciant
694 3401 836 3470 debitas
854 3400 970 3491 primo
982 3398 1088 3470 altari
1103 3397 1259 3470 secundo
1273 3401 1437 3494 episcopo
1452 3400 1477 3473 sr
1493 3402 1636 3497 presens
1650 3409 1760 3480 suerit

412 3519 450 3586 in
476 3515 579 3586 cuius
602 3511 769 3584 absencia
794 3511 931 3580 decano
948 3549 957 3564 ·
976 3509 1074 3579 Item
1093 3511 1189 3601 quod
1215 3512 1338 3584 diuine
1364 3513 1489 3585 laudes
1515 3539 1580 3608 per
1604 3514 1761 3613 singulas

410 3629 516 3698 horas
533 3649 607 3695 nou
628 3618 756 3695 cursim
775 3632 814 3692 et
832 3619 1046 3692 festinanter
1062 3619 1123 3692 sed
1142 3621 1286 3694 tractim
1304 3635 1342 3694 et
1361 3649 1443 3696 cum
1462 3625 1571 3719 pausa
1588 3629 1763 3704 decenter

411 3753 450 3810 et
474 3747 686 3809 reuerenter
709 3736 756 3805 ab
781 3733 951 3804 omuibus
975 3731 1228 3824 persoluentur
1246 3779 1254 3796 ·
1274 3735 1393 3808 Iloras
1418 3754 1544 3809 autem
1570 3746 1761 3816 canonicas

410 3853 539 3922 diduri
569 3871 653 3919 cum
683 3848 808 3916 tunica
834 3844 939 3915 talari
969 3868 1012 3914 ac
1038 3843 1297 3938 superpelliciis
1325 3850 1471 3920 mundis
1498 3851 1593 3922 vltra
1623 3857 1761 3928 medias

411 3964 519 4034 tibias
545 3962 662 4054 longis
679 3969 717 4028 et
734 3959 857 4050 cappis
882 3959 987 4028 iuxta
1011 3967 1217 4050 temporum
1239 3956 1486 4032 diuersitatem
1513 3961 1680 4038 ecclesias
1705 3971 1762 4039 in-

408 4077 619 4168 grediantur
641 4093 715 4141 nou
736 4071 886 4161 capucia
902 4065 962 4137 sed
979 4068 1136 4140 almucia
1154 4069 1211 4139 vel
1237 4069 1372 4141 birreta
1397 4085 1566 4145 tenentes
1584 4077 1620 4146 in
1638 4081 1761 4172 capite

409 4189 470 4279 qui
485 4209 567 4256 cum
582 4185 619 4253 iu
634 4183 744 4253 choro
757 4182 894 4250 fuerint
910 4182 1128 4272 grauitatem
1147 4178 1293 4252 seruent
1308 4206 1416 4275 quam
1435 4184 1536 4256 locus
1549 4197 1588 4258 et
1601 4189 1761 4264 officium

409 4300 563 4391 exigunt
585 4319 659 4365 non
684 4287 911 4362 insimulant
929 4314 1013 4361 cum
1031 4291 1111 4384 alijs
1137 4294 1412 4366 confabulantes
1430 4295 1491 4367 seu
1509 4298 1763 4393 colloquentes

408 4420 473 4480 aut
498 4409 623 4478 literas
643 4404 702 4476 rel
726 4402 919 4495 scripturas
944 4401 1033 4473 alias
1059 4403 1224 4498 legentes
1250 4402 1315 4475 sub
1340 4429 1435 4497 pena
1452 4419 1491 4478 vt
1517 4407 1679 4503 superius
1703 4413 1763 4486 est

408 4517 611 4614 expressum
624 4559 633 4574 ·
648 4517 746 4588 Item
759 4539 842 4586 cum
856 4513 1030 4607 psallendi
1047 4517 1164 4610 gratia
1181 4517 1317 4588 ibidem
1334 4523 1556 4592 conuenient
1575 4535 1676 4597 muts
1692 4539 1763 4600 aut
