4050 5534
967 635 1273 711 nnolsnRUM
1637 634 1786 731 [ancum

578 950 628 1023 X.
655 950 763 1038 Quod
779 949 900 1043 vicarij
917 947 1153 1023 sufficientem
1169 948 1327 1023 habeant
1342 942 1637 1019 sustentationem
1655 986 1663 1005 ·
1793 930 1797 939 ’

455 1126 530 1248 Ad
542 1177 609 1249 hec
634 1172 824 1251 statuimus
840 1191 881 1246 vt
897 1173 1017 1268 vicarij
1037 1166 1265 1247 ecclesiarum
1289 1170 1524 1245 sufficientem
1542 1180 1581 1245 et
1603 1165 1786 1243 honestum

454 1288 613 1363 babeant
635 1284 933 1361 sustentationem
957 1287 1003 1359 do
1027 1284 1263 1380 prouentibus
1287 1278 1516 1357 ecclesiarum
1534 1285 1702 1377 quoniam
1726 1284 1786 1375 qui

454 1399 561 1473 altari
585 1398 794 1473 deseruiunt
810 1398 855 1472 de
876 1394 985 1494 ipsius
1002 1407 1042 1470 et
1059 1392 1206 1469 ecclesie
1228 1398 1463 1491 prouentibus
1480 1398 1601 1468 viuere
1627 1394 1760 1467 debent
1777 1438 1786 1456 ·

456 1509 516 1585 Ita
535 1522 659 1585 tamw
675 1512 771 1605 quod
795 1511 912 1604 portio
929 1510 1050 1603 vicorij
1076 1532 1165 1603 pura
1189 1508 1301 1582 libera
1327 1510 1492 1581 omnibns
1516 1509 1683 1581 oneribus
1707 1505 1788 1581 sub-

455 1622 574 1698 ductis
589 1625 636 1697 ad
651 1624 771 1695 minus
787 1618 1051 1695 estimationem
1068 1622 1193 1693 decem
1215 1643 1414 1694 marcarum
1432 1623 1588 1717 attingat
1605 1616 1632 1692 fi
1649 1621 1694 1694 ad
1718 1621 1787 1693 boc

454 1735 648 1831 suppetant
659 1731 809 1809 ccclesia
821 1734 1012 1807 facultates
1025 1772 1034 1791 ·
1048 1731 1194 1805 Prouiso
1207 1734 1302 1826 quod
1320 1735 1358 1805 in
1370 1734 1615 1829 pinguioribus
1632 1730 1787 1827 ecclcfijs

455 1846 650 1921 secundum
674 1847 822 1918 modum
847 1845 1061 1917 facultatum
1079 1854 1117 1917 et
1135 1868 1244 1917 onera
1268 1845 1402 1919 eisdem
1426 1846 1673 1919 incumbentia
1696 1843 1788 1918 suffi-

455 1960 594 2033 cientes
609 1960 793 2054 portiones
809 1958 949 2052 vicorijs
965 1952 1186 2053 assignentur
1202 2000 1211 2019 ·

832 2176 903 2254 XI.
930 2179 989 2255 Do
1005 2181 1148 2255 Ornatu
1165 2180 1386 2255 clericorum
1403 2220 1412 2241 ·

453 2407 517 2481 Ad
540 2408 609 2481 bec
625 2402 816 2479 statuimus
832 2404 927 2498 quod
947 2404 1103 2479 rectores
1120 2413 1159 2477 et
1174 2406 1296 2499 vicarij
1314 2402 1544 2479 ecclesiarum
1561 2414 1599 2479 ct
1614 2407 1725 2479 etiam
1750 2409 1788 2479 in

453 2520 690 2616 dignitatibus
714 2514 904 2591 constituti
920 2540 963 2589 ac
979 2514 1180 2591 sacerdotes
1196 2525 1235 2590 et
1252 2516 1373 2591 clerici
1399 2518 1492 2591 inira
1515 2516 1631 2591 sacros
1648 2520 1788 2593 ordines

453 2642 529 2705 tam
546 2633 585 2703 in
603 2629 697 2703 statu
714 2630 847 2701 mentis
863 2651 971 2722 quam
987 2631 1027 2701 in
1043 2630 1173 2702 babitu
1197 2632 1354 2725 corporis
1371 2632 1543 2703 decenter
1566 2632 1762 2705 induantur
1778 2676 1787 2693 ·

453 2744 574 2817 rubeis
599 2743 729 2837 pannis
752 2738 828 2813 fine
852 2742 1027 2813 viridibus
1051 2739 1113 2815 seu
1138 2744 1285 2838 virgatis
1315 2766 1388 2815 non
1414 2752 1563 2816 utantur
1586 2768 1653 2817 nec
1678 2748 1789 2818 etiam

453 2857 582 2953 pannis
597 2856 660 2949 qui
684 2855 796 2926 nimia
818 2854 1001 2927 breuitate
1017 2862 1191 2927 notentur
1208 2894 1217 2915 ·
1235 2854 1356 2947 vicarii
1376 2878 1518 2949 quoque
1535 2864 1573 2929 et
1590 2854 1789 2931 sacerdotes

453 2964 572 3043 clausa
581 2964 732 3061 desuper
740 2966 897 3037 habeant
907 2965 1331 3040 indumenta-tonsuram
1342 2967 1506 3041 deferant
1515 2980 1788 3065 congruentem·

453 3104 501 3154 ne
516 3081 739 3152 intuentium
756 3100 907 3171 quorum
933 3079 1048 3151 forma
1063 3088 1102 3152 et
1119 3079 1327 3174 exemplum
1352 3076 1422 3153 eise
1447 3080 1583 3153 debent
1606 3081 1789 3157 offendant

453 3191 632 3288 aspcdtum
658 3232 667 3250 ·
693 3191 790 3284 quod
814 3187 843 3261 fi
867 3189 913 3264 ab
940 3192 1126 3285 ordinarijs
1155 3193 1285 3263 moniti
1314 3193 1507 3265 emendare
1535 3192 1718 3268 noluerint
1742 3196 1788 3269 ab

454 3306 569 3379 officio
583 3301 844 3399 suspendantur
858 3310 898 3377 et
914 3300 1160 3377 ecclesiasticis
1175 3301 1384 3377 subiaceant
1401 3302 1596 3399 disciplinis
1614 3348 1622 3365 ·

562 3526 654 3600 XII.
680 3526 788 3615 Quod
804 3524 926 3599 nullus
941 3524 979 3600 sc
993 3527 1156 3602 intrudat
1174 3528 1212 3599 in
1229 3526 1405 3601 beneficio
1421 3524 1656 3602 ecclesiastico
1674 3569 1684 3589 ·

454 3754 657 3827 Statuimus
677 3751 787 3823 etiam
804 3751 899 3845 quod
924 3749 1047 3823 nuilus
1071 3753 1188 3823 ratior
1211 3760 1275 3825 aut
1293 3752 1446 3824 vicarius
1471 3749 1546 3825 fine
1571 3750 1792 3828 conscicntia

455 3860 642 3961 dyocesani
657 3872 722 3936 out
738 3864 816 3935 eius
832 3862 994 3936 officialis
1009 3861 1114 3957 super
1137 3864 1206 3936 boc
1230 3860 1448 3958 potestatem
1473 3864 1639 3937 habentis
1654 3867 1693 3937 in
1710 3865 1792 3961 pos-

346 4056 350 4061 ,
454 3973 639 4051 seffionem
655 3971 929 4048 ecclesiasticam
945 3976 1152 4047 intrudatur
1163 3976 1222 4048 vel
1235 3976 1392 4069 aliquam
1404 3977 1443 4048 in
1457 3976 1582 4049 cadem
1600 3991 1791 4054 excernant

453 4084 797 4164 administrationem
814 4095 853 4159 ct
869 4088 932 4180 qui
956 4085 1058 4159 secus
1079 4088 1204 4159 iecerit
1227 4086 1424 4160 secundum
1449 4110 1627 4161 canonum
1652 4087 1791 4165 sancita

454 4202 570 4277 aiuro
589 4199 684 4292 quod
710 4196 776 4272 fibi
800 4200 988 4295 competijt
1013 4199 1140 4271 cadere
1166 4198 1276 4272 debet
1298 4208 1337 4272 et
1362 4198 1616 4273 nichilominus
1640 4202 1790 4277 arbitrio

455 4307 641 4408 dyocesani
656 4311 746 4385 alias
762 4311 942 4410 legittime
957 4312 1129 4407 puniatur
1146 4354 1155 4372 ·
