<?xml version="1.0" encoding="UTF-8"?>
<!DOCTYPE html PUBLIC "-//W3C//DTD XHTML 1.0 Transitional//EN"
    "http://www.w3.org/TR/xhtml1/DTD/xhtml1-transitional.dtd">
<html xmlns="http://www.w3.org/1999/xhtml" xml:lang="en" lang="en">
 <head>
  <title>
</title>
<meta http-equiv="Content-Type" content="text/html;charset=utf-8" />
  <meta name='ocr-system' content='tesseract 3.04.00' />
  <meta name='ocr-capabilities' content='ocr_page ocr_carea ocr_par ocr_line ocrx_word'/>
</head>
<body>
  <div class='ocr_page' id='page_1' title='image "./registrumepisco02innegoog_0206.png"; bbox 0 0 4050 5534; ppageno 0'>
   <div class='ocr_carea' id='block_1_1' title="bbox 449 620 1785 716">
    <p class='ocr_par' dir='ltr' id='par_1_1' title="bbox 449 620 1785 716">
     <span class='ocr_line' id='line_1_1' title="bbox 449 620 1785 716; baseline -0.001 -24"><span class='ocrx_word' id='word_1_1' title='bbox 449 628 518 693; x_wconf 81' lang='lat'><strong>130</strong></span> <span class='ocrx_word' id='word_1_2' title='bbox 963 620 1269 695; x_wconf 83' lang='lat' dir='ltr'><strong>REGISTRUM</strong></span> <span class='ocrx_word' id='word_1_3' title='bbox 1632 622 1785 716; x_wconf 77' lang='lat' dir='ltr'><strong>[sacua]</strong></span> 
     </span>
    </p>
   </div>
   <div class='ocr_carea' id='block_1_2' title="bbox 452 817 1788 1703">
    <p class='ocr_par' dir='ltr' id='par_1_2' title="bbox 501 817 1787 1028">
     <span class='ocr_line' id='line_1_2' title="bbox 502 817 1787 913; baseline 0.001 -24"><span class='ocrx_word' id='word_1_4' title='bbox 502 818 678 894; x_wconf 84' lang='lat' dir='ltr'><strong>Willeluri</strong></span> <span class='ocrx_word' id='word_1_5' title='bbox 705 824 750 894; x_wconf 90' lang='lat' dir='ltr'><strong>de</strong></span> <span class='ocrx_word' id='word_1_6' title='bbox 779 822 911 895; x_wconf 86' lang='lat' dir='ltr'><strong>Monte</strong></span> <span class='ocrx_word' id='word_1_7' title='bbox 938 821 1097 894; x_wconf 90' lang='lat' dir='ltr'><strong>lauduuo</strong></span> <span class='ocrx_word' id='word_1_8' title='bbox 1122 817 1228 913; x_wconf 87' lang='lat' dir='ltr'><strong>super</strong></span> <span class='ocrx_word' id='word_1_9' title='bbox 1251 819 1519 893; x_wconf 76' lang='lat' dir='ltr'><strong>Clementiuarn</strong></span> <span class='ocrx_word' id='word_1_10' title='bbox 1545 820 1722 913; x_wconf 83' lang='lat' dir='ltr'><strong>incipiens</strong></span> <span class='ocrx_word' id='word_1_11' title='bbox 1748 822 1787 890; x_wconf 93' lang='lat' dir='ltr'><strong>in</strong></span> 
     </span>
     <span class='ocr_line' id='line_1_3' title="bbox 501 930 906 1028; baseline 0.012 -25"><span class='ocrx_word' id='word_1_12' title='bbox 501 930 655 1005; x_wconf 84' lang='lat' dir='ltr'><strong>secundo</strong></span> <span class='ocrx_word' id='word_1_13' title='bbox 672 935 757 1006; x_wconf 84' lang='lat' dir='ltr'><strong>lolio</strong></span> <span class='ocrx_word' id='word_1_14' title='bbox 776 936 831 1009; x_wconf 79' lang='lat' dir='ltr'><strong>Ao</strong></span> <span class='ocrx_word' id='word_1_15' title='bbox 840 935 881 1028; x_wconf 82' lang='lat' dir='ltr'><em>st</em></span> <span class='ocrx_word' id='word_1_16' title='bbox 898 976 906 991; x_wconf 94' lang='lat'><strong>·</strong></span> 
     </span>
    </p>

    <p class='ocr_par' dir='ltr' id='par_1_3' title="bbox 453 1041 1786 1233">
     <span class='ocr_line' id='line_1_4' title="bbox 453 1041 1786 1140; baseline 0 -25"><span class='ocrx_word' id='word_1_17' title='bbox 453 1044 608 1119; x_wconf 70' lang='lat' dir='ltr'><strong>Lectum</strong></span> <span class='ocrx_word' id='word_1_18' title='bbox 619 1046 798 1119; x_wconf 91' lang='lat' dir='ltr'><strong>Willelmi</strong></span> <span class='ocrx_word' id='word_1_19' title='bbox 816 1046 991 1120; x_wconf 76' lang='lat' dir='ltr'><strong>&#39;l’harlech</strong></span> <span class='ocrx_word' id='word_1_20' title='bbox 1006 1043 1111 1140; x_wconf 87' lang='lat' dir='ltr'><strong>super</strong></span> <span class='ocrx_word' id='word_1_21' title='bbox 1122 1044 1264 1117; x_wconf 86' lang='lat' dir='ltr'><strong>sextum</strong></span> <span class='ocrx_word' id='word_1_22' title='bbox 1279 1046 1316 1115; x_wconf 91' lang='lat' dir='ltr'><strong>in</strong></span> <span class='ocrx_word' id='word_1_23' title='bbox 1330 1046 1455 1138; x_wconf 89' lang='lat' dir='ltr'><strong>papiro</strong></span> <span class='ocrx_word' id='word_1_24' title='bbox 1469 1046 1506 1115; x_wconf 91' lang='lat' dir='ltr'><strong>in</strong></span> <span class='ocrx_word' id='word_1_25' title='bbox 1524 1041 1682 1115; x_wconf 89' lang='lat' dir='ltr'><strong>secundo</strong></span> <span class='ocrx_word' id='word_1_26' title='bbox 1697 1045 1786 1116; x_wconf 81' lang='lat' dir='ltr'><strong>folio</strong></span> 
     </span>
     <span class='ocr_line' id='line_1_5' title="bbox 513 1156 751 1233; baseline 0.004 -3"><span class='ocrx_word' id='word_1_27' title='bbox 513 1156 632 1231; x_wconf 82' lang='lat' dir='ltr'><strong>Solum</strong></span> <span class='ocrx_word' id='word_1_28' title='bbox 650 1158 751 1233; x_wconf 81' lang='lat' dir='ltr'><strong>bene·</strong></span> 
     </span>
    </p>

    <p class='ocr_par' dir='ltr' id='par_1_4' title="bbox 452 1267 1788 1569">
     <span class='ocr_line' id='line_1_6' title="bbox 452 1267 1787 1363; baseline -0.002 -21"><span class='ocrx_word' id='word_1_29' title='bbox 452 1268 639 1343; x_wconf 88' lang='lat' dir='ltr'><strong>Rosarium</strong></span> <span class='ocrx_word' id='word_1_30' title='bbox 680 1273 918 1345; x_wconf 72' lang='lat' dir='ltr'><strong>archidiaconi</strong></span> <span class='ocrx_word' id='word_1_31' title='bbox 953 1268 1058 1363; x_wconf 89' lang='lat' dir='ltr'><strong>super</strong></span> <span class='ocrx_word' id='word_1_32' title='bbox 1092 1270 1278 1341; x_wconf 88' lang='lat' dir='ltr'><strong>decretum</strong></span> <span class='ocrx_word' id='word_1_33' title='bbox 1311 1270 1349 1339; x_wconf 92' lang='lat' dir='ltr'><strong>in</strong></span> <span class='ocrx_word' id='word_1_34' title='bbox 1383 1267 1522 1340; x_wconf 88' lang='lat' dir='ltr'><strong>duobus</strong></span> <span class='ocrx_word' id='word_1_35' title='bbox 1555 1268 1787 1339; x_wconf 83' lang='lat' dir='ltr'><strong>volumibus·</strong></span> 
     </span>
     <span class='ocr_line' id='line_1_7' title="bbox 500 1377 1788 1476; baseline -0.004 -22"><span class='ocrx_word' id='word_1_36' title='bbox 500 1386 655 1476; x_wconf 84' lang='lat' dir='ltr'><strong>primum</strong></span> <span class='ocrx_word' id='word_1_37' title='bbox 673 1386 842 1455; x_wconf 86' lang='lat' dir='ltr'><strong>volumen</strong></span> <span class='ocrx_word' id='word_1_38' title='bbox 860 1386 897 1455; x_wconf 91' lang='lat' dir='ltr'><strong>in</strong></span> <span class='ocrx_word' id='word_1_39' title='bbox 917 1382 1072 1455; x_wconf 89' lang='lat' dir='ltr'><strong>secundo</strong></span> <span class='ocrx_word' id='word_1_40' title='bbox 1089 1381 1176 1451; x_wconf 86' lang='lat' dir='ltr'><strong>folio</strong></span> <span class='ocrx_word' id='word_1_41' title='bbox 1193 1379 1257 1451; x_wconf 77' lang='lat' dir='ltr'><strong>Iao</strong></span> <span class='ocrx_word' id='word_1_42' title='bbox 1274 1377 1452 1451; x_wconf 79' lang='lat' dir='ltr'><strong>naturale·</strong></span> <span class='ocrx_word' id='word_1_43' title='bbox 1470 1378 1668 1452; x_wconf 88' lang='lat' dir='ltr'><strong>secundum</strong></span> <span class='ocrx_word' id='word_1_44' title='bbox 1686 1380 1788 1450; x_wconf 85' lang='lat' dir='ltr'><strong>volu·</strong></span> 
     </span>
     <span class='ocr_line' id='line_1_8' title="bbox 501 1492 1094 1569; baseline -0.002 -2"><span class='ocrx_word' id='word_1_45' title='bbox 501 1520 584 1568; x_wconf 83' lang='lat' dir='ltr'><strong>uren</strong></span> <span class='ocrx_word' id='word_1_46' title='bbox 602 1500 638 1568; x_wconf 93' lang='lat' dir='ltr'><strong>in</strong></span> <span class='ocrx_word' id='word_1_47' title='bbox 657 1494 811 1569; x_wconf 88' lang='lat' dir='ltr'><strong>secundo</strong></span> <span class='ocrx_word' id='word_1_48' title='bbox 829 1496 915 1567; x_wconf 88' lang='lat' dir='ltr'><strong>folio</strong></span> <span class='ocrx_word' id='word_1_49' title='bbox 933 1492 1068 1567; x_wconf 72' lang='lat' dir='ltr'><strong>Mataei</strong></span> <span class='ocrx_word' id='word_1_50' title='bbox 1085 1532 1094 1549; x_wconf 88' lang='lat'><strong>·</strong></span> 
     </span>
    </p>

    <p class='ocr_par' dir='ltr' id='par_1_5' title="bbox 452 1603 1787 1703">
     <span class='ocr_line' id='line_1_9' title="bbox 452 1603 1787 1703; baseline -0.001 -26"><span class='ocrx_word' id='word_1_51' title='bbox 452 1608 703 1702; x_wconf 86' lang='lat' dir='ltr'><strong>Repertorium</strong></span> <span class='ocrx_word' id='word_1_52' title='bbox 744 1604 901 1703; x_wconf 88' lang='lat' dir='ltr'><strong>magistri</strong></span> <span class='ocrx_word' id='word_1_53' title='bbox 936 1605 1116 1677; x_wconf 88' lang='lat' dir='ltr'><strong>Willelmi</strong></span> <span class='ocrx_word' id='word_1_54' title='bbox 1152 1605 1316 1677; x_wconf 88' lang='lat' dir='ltr'><strong>Durandi</strong></span> <span class='ocrx_word' id='word_1_55' title='bbox 1349 1606 1389 1674; x_wconf 93' lang='lat' dir='ltr'><strong>in</strong></span> <span class='ocrx_word' id='word_1_56' title='bbox 1423 1627 1493 1674; x_wconf 87' lang='lat' dir='ltr'><strong>vno</strong></span> <span class='ocrx_word' id='word_1_57' title='bbox 1528 1603 1711 1675; x_wconf 86' lang='lat' dir='ltr'><strong>volumine</strong></span> <span class='ocrx_word' id='word_1_58' title='bbox 1750 1608 1787 1675; x_wconf 93' lang='lat' dir='ltr'><strong>in</strong></span> 
     </span>
    </p>
   </div>
   <div class='ocr_carea' id='block_1_3' title="bbox 451 1718 1789 2143">
    <p class='ocr_par' dir='ltr' id='par_1_6' title="bbox 500 1718 971 1793">
     <span class='ocr_line' id='line_1_10' title="bbox 500 1718 971 1793; baseline 0.002 -4"><span class='ocrx_word' id='word_1_59' title='bbox 500 1718 654 1793; x_wconf 88' lang='lat' dir='ltr'><strong>secundo</strong></span> <span class='ocrx_word' id='word_1_60' title='bbox 673 1720 758 1791; x_wconf 84' lang='lat' dir='ltr'><strong>lolio</strong></span> <span class='ocrx_word' id='word_1_61' title='bbox 776 1718 855 1791; x_wconf 85' lang='lat' dir='ltr'><strong>Non</strong></span> <span class='ocrx_word' id='word_1_62' title='bbox 871 1720 947 1792; x_wconf 83' lang='lat' dir='ltr'><strong>coni</strong></span> <span class='ocrx_word' id='word_1_63' title='bbox 964 1760 971 1775; x_wconf 94' lang='lat'><strong>·</strong></span> 
     </span>
    </p>

    <p class='ocr_par' dir='ltr' id='par_1_7' title="bbox 451 1826 1548 1927">
     <span class='ocr_line' id='line_1_11' title="bbox 451 1826 1548 1927; baseline -0.005 -22"><span class='ocrx_word' id='word_1_64' title='bbox 451 1834 602 1905; x_wconf 87' lang='lat' dir='ltr'><strong>Summa</strong></span> <span class='ocrx_word' id='word_1_65' title='bbox 620 1832 785 1905; x_wconf 88' lang='lat' dir='ltr'><strong>Monaldi</strong></span> <span class='ocrx_word' id='word_1_66' title='bbox 803 1835 978 1927; x_wconf 88' lang='lat' dir='ltr'><strong>incipiens</strong></span> <span class='ocrx_word' id='word_1_67' title='bbox 995 1833 1033 1901; x_wconf 91' lang='lat' dir='ltr'><strong>in</strong></span> <span class='ocrx_word' id='word_1_68' title='bbox 1049 1828 1205 1901; x_wconf 92' lang='lat' dir='ltr'><strong>secundo</strong></span> <span class='ocrx_word' id='word_1_69' title='bbox 1222 1827 1308 1899; x_wconf 86' lang='lat' dir='ltr'><strong>folio</strong></span> <span class='ocrx_word' id='word_1_70' title='bbox 1324 1826 1411 1899; x_wconf 79' lang='lat' dir='ltr'><strong>Item</strong></span> <span class='ocrx_word' id='word_1_71' title='bbox 1428 1826 1548 1899; x_wconf 75' lang='lat' dir='ltr'><strong>adbuc·</strong></span> 
     </span>
    </p>

    <p class='ocr_par' dir='ltr' id='par_1_8' title="bbox 452 1936 1789 2143">
     <span class='ocr_line' id='line_1_12' title="bbox 452 1936 1789 2019; baseline -0.004 -2"><span class='ocrx_word' id='word_1_72' title='bbox 452 1946 674 2019; x_wconf 83' lang='lat' dir='ltr'><strong>Martiniano</strong></span> <span class='ocrx_word' id='word_1_73' title='bbox 690 1946 914 2017; x_wconf 85' lang='lat' dir='ltr'><strong>decretomm</strong></span> <span class='ocrx_word' id='word_1_74' title='bbox 934 1954 972 2015; x_wconf 89' lang='lat' dir='ltr'><strong>et</strong></span> <span class='ocrx_word' id='word_1_75' title='bbox 989 1940 1224 2013; x_wconf 78' lang='lat' dir='ltr'><strong>decretalium</strong></span> <span class='ocrx_word' id='word_1_76' title='bbox 1242 1962 1325 2012; x_wconf 90' lang='lat' dir='ltr'><strong>cum</strong></span> <span class='ocrx_word' id='word_1_77' title='bbox 1342 1936 1589 2013; x_wconf 84' lang='lat' dir='ltr'><strong>sacramentali</strong></span> <span class='ocrx_word' id='word_1_78' title='bbox 1603 1940 1789 2012; x_wconf 88' lang='lat' dir='ltr'><strong>Willelmi</strong></span> 
     </span>
     <span class='ocr_line' id='line_1_13' title="bbox 502 2050 1789 2143; baseline -0.003 -16"><span class='ocrx_word' id='word_1_79' title='bbox 502 2060 546 2129; x_wconf 88' lang='lat' dir='ltr'><strong>de</strong></span> <span class='ocrx_word' id='word_1_80' title='bbox 573 2056 705 2129; x_wconf 91' lang='lat' dir='ltr'><strong>Monte</strong></span> <span class='ocrx_word' id='word_1_81' title='bbox 731 2058 890 2129; x_wconf 89' lang='lat' dir='ltr'><strong>lauduuo</strong></span> <span class='ocrx_word' id='word_1_82' title='bbox 908 2058 946 2126; x_wconf 92' lang='lat' dir='ltr'><strong>iu</strong></span> <span class='ocrx_word' id='word_1_83' title='bbox 964 2078 1035 2125; x_wconf 86' lang='lat' dir='ltr'><strong>vno</strong></span> <span class='ocrx_word' id='word_1_84' title='bbox 1053 2053 1237 2125; x_wconf 78' lang='lat' dir='ltr'><strong>volumine</strong></span> <span class='ocrx_word' id='word_1_85' title='bbox 1260 2052 1437 2143; x_wconf 84' lang='lat' dir='ltr'><strong>incipiens</strong></span> <span class='ocrx_word' id='word_1_86' title='bbox 1459 2053 1497 2123; x_wconf 92' lang='lat' dir='ltr'><strong>in</strong></span> <span class='ocrx_word' id='word_1_87' title='bbox 1518 2050 1674 2123; x_wconf 87' lang='lat' dir='ltr'><strong>secundo</strong></span> <span class='ocrx_word' id='word_1_88' title='bbox 1700 2054 1789 2125; x_wconf 87' lang='lat' dir='ltr'><strong>folio</strong></span> 
     </span>
    </p>
   </div>
   <div class='ocr_carea' id='block_1_4' title="bbox 451 2168 1789 2371">
    <p class='ocr_par' dir='ltr' id='par_1_9' title="bbox 451 2168 1789 2371">
     <span class='ocr_line' id='line_1_14' title="bbox 451 2168 1789 2371; baseline -0.003 -17"><span class='ocrx_word' id='word_1_89' title='bbox 451 2168 641 2354; x_wconf 56' lang='lat' dir='ltr'><strong>Selllllalelt</strong></span> <span class='ocrx_word' id='word_1_90' title='bbox 658 2280 889 2353; x_wconf 84' lang='lat' dir='ltr'><strong>Clementiae</strong></span> <span class='ocrx_word' id='word_1_91' title='bbox 906 2302 989 2351; x_wconf 93' lang='lat' dir='ltr'><strong>cum</strong></span> <span class='ocrx_word' id='word_1_92' title='bbox 1008 2277 1145 2349; x_wconf 74' lang='lat' dir='ltr'><strong>lettera</strong></span> <span class='ocrx_word' id='word_1_93' title='bbox 1159 2276 1336 2348; x_wconf 84' lang='lat' dir='ltr'><strong>Jolranuis</strong></span> <span class='ocrx_word' id='word_1_94' title='bbox 1354 2275 1503 2349; x_wconf 86' lang='lat' dir='ltr'><strong>Andree</strong></span> <span class='ocrx_word' id='word_1_95' title='bbox 1519 2274 1624 2371; x_wconf 89' lang='lat' dir='ltr'><strong>super</strong></span> <span class='ocrx_word' id='word_1_96' title='bbox 1640 2276 1789 2352; x_wconf 82' lang='lat' dir='ltr'><strong>sextum</strong></span> 
     </span>
    </p>
   </div>
   <div class='ocr_carea' id='block_1_5' title="bbox 443 2388 1790 4620">
    <p class='ocr_par' dir='ltr' id='par_1_10' title="bbox 500 2388 1041 2466">
     <span class='ocr_line' id='line_1_15' title="bbox 500 2388 1041 2466; baseline -0.009 0"><span class='ocrx_word' id='word_1_97' title='bbox 500 2398 535 2466; x_wconf 92' lang='lat' dir='ltr'><strong>in</strong></span> <span class='ocrx_word' id='word_1_98' title='bbox 553 2392 710 2465; x_wconf 81' lang='lat' dir='ltr'><strong>secundo</strong></span> <span class='ocrx_word' id='word_1_99' title='bbox 727 2391 813 2463; x_wconf 87' lang='lat' dir='ltr'><strong>folio</strong></span> <span class='ocrx_word' id='word_1_100' title='bbox 832 2388 1017 2463; x_wconf 69' lang='lat' dir='ltr'><strong>Laboribus</strong></span> <span class='ocrx_word' id='word_1_101' title='bbox 1033 2428 1041 2445; x_wconf 94' lang='lat'><strong>·</strong></span> 
     </span>
    </p>

    <p class='ocr_par' dir='ltr' id='par_1_11' title="bbox 452 2500 1789 2713">
     <span class='ocr_line' id='line_1_16' title="bbox 452 2500 1789 2601; baseline 0.001 -24"><span class='ocrx_word' id='word_1_102' title='bbox 452 2508 656 2601; x_wconf 78' lang='lat' dir='ltr'><strong>Apparatus</strong></span> <span class='ocrx_word' id='word_1_103' title='bbox 687 2504 927 2577; x_wconf 87' lang='lat' dir='ltr'><strong>archidiaconi</strong></span> <span class='ocrx_word' id='word_1_104' title='bbox 958 2500 1063 2595; x_wconf 86' lang='lat' dir='ltr'><strong>super</strong></span> <span class='ocrx_word' id='word_1_105' title='bbox 1092 2502 1208 2576; x_wconf 85' lang='lat' dir='ltr'><strong>Sexto</strong></span> <span class='ocrx_word' id='word_1_106' title='bbox 1238 2504 1414 2596; x_wconf 86' lang='lat' dir='ltr'><strong>incipiens</strong></span> <span class='ocrx_word' id='word_1_107' title='bbox 1443 2504 1480 2573; x_wconf 94' lang='lat' dir='ltr'><strong>in</strong></span> <span class='ocrx_word' id='word_1_108' title='bbox 1514 2500 1671 2574; x_wconf 88' lang='lat' dir='ltr'><strong>secundo</strong></span> <span class='ocrx_word' id='word_1_109' title='bbox 1698 2506 1789 2578; x_wconf 81' lang='lat' dir='ltr'><strong>folio</strong></span> 
     </span>
     <span class='ocr_line' id='line_1_17' title="bbox 499 2618 757 2713; baseline -0.012 -24"><span class='ocrx_word' id='word_1_110' title='bbox 499 2618 538 2689; x_wconf 88' lang='lat' dir='ltr'><em>E</em></span> <span class='ocrx_word' id='word_1_111' title='bbox 543 2618 757 2713; x_wconf 69' lang='lat' dir='ltr'><strong>spauciano·</strong></span> 
     </span>
    </p>

    <p class='ocr_par' dir='ltr' id='par_1_12' title="bbox 449 2724 1790 2823">
     <span class='ocr_line' id='line_1_18' title="bbox 449 2724 1790 2823; baseline -0.002 -21"><span class='ocrx_word' id='word_1_112' title='bbox 449 2732 600 2802; x_wconf 88' lang='lat' dir='ltr'><strong>Cronica</strong></span> <span class='ocrx_word' id='word_1_113' title='bbox 616 2729 769 2801; x_wconf 88' lang='lat' dir='ltr'><strong>Martini</strong></span> <span class='ocrx_word' id='word_1_114' title='bbox 783 2727 828 2801; x_wconf 91' lang='lat' dir='ltr'><strong>de</strong></span> <span class='ocrx_word' id='word_1_115' title='bbox 840 2729 942 2822; x_wconf 85' lang='lat' dir='ltr'><strong>papis</strong></span> <span class='ocrx_word' id='word_1_116' title='bbox 954 2737 993 2799; x_wconf 88' lang='lat' dir='ltr'><strong>et</strong></span> <span class='ocrx_word' id='word_1_117' title='bbox 1006 2729 1282 2823; x_wconf 84' lang='lat' dir='ltr'><strong>imperatoribus</strong></span> <span class='ocrx_word' id='word_1_118' title='bbox 1298 2730 1335 2797; x_wconf 91' lang='lat' dir='ltr'><strong>iu</strong></span> <span class='ocrx_word' id='word_1_119' title='bbox 1354 2724 1510 2797; x_wconf 87' lang='lat' dir='ltr'><strong>secundo</strong></span> <span class='ocrx_word' id='word_1_120' title='bbox 1527 2726 1613 2797; x_wconf 87' lang='lat' dir='ltr'><strong>folio</strong></span> <span class='ocrx_word' id='word_1_121' title='bbox 1630 2724 1790 2823; x_wconf 69' lang='lat' dir='ltr'><strong>Nefilrj&#39;·</strong></span> 
     </span>
    </p>

    <p class='ocr_par' dir='ltr' id='par_1_13' title="bbox 450 2836 1495 2915">
     <span class='ocr_line' id='line_1_19' title="bbox 450 2836 1495 2915; baseline -0.007 0"><span class='ocrx_word' id='word_1_122' title='bbox 450 2844 584 2915; x_wconf 86' lang='lat' dir='ltr'><strong>Sextus</strong></span> <span class='ocrx_word' id='word_1_123' title='bbox 601 2839 835 2913; x_wconf 86' lang='lat' dir='ltr'><strong>decretalium</strong></span> <span class='ocrx_word' id='word_1_124' title='bbox 854 2842 889 2910; x_wconf 90' lang='lat' dir='ltr'><strong>iu</strong></span> <span class='ocrx_word' id='word_1_125' title='bbox 910 2838 1064 2911; x_wconf 89' lang='lat' dir='ltr'><strong>secundo</strong></span> <span class='ocrx_word' id='word_1_126' title='bbox 1081 2839 1167 2910; x_wconf 86' lang='lat' dir='ltr'><strong>folio</strong></span> <span class='ocrx_word' id='word_1_127' title='bbox 1185 2836 1495 2911; x_wconf 72' lang='lat' dir='ltr'><strong>Inoommutabtlia·</strong></span> 
     </span>
    </p>

    <p class='ocr_par' dir='ltr' id='par_1_14' title="bbox 450 2950 1788 3159">
     <span class='ocr_line' id='line_1_20' title="bbox 450 2950 1788 3043; baseline -0.001 -16"><span class='ocrx_word' id='word_1_128' title='bbox 450 2958 584 3027; x_wconf 84' lang='lat' dir='ltr'><strong>Sextus</strong></span> <span class='ocrx_word' id='word_1_129' title='bbox 610 2964 648 3026; x_wconf 90' lang='lat' dir='ltr'><strong>et</strong></span> <span class='ocrx_word' id='word_1_130' title='bbox 671 2954 900 3025; x_wconf 89' lang='lat' dir='ltr'><strong>Clementine</strong></span> <span class='ocrx_word' id='word_1_131' title='bbox 928 2954 965 3023; x_wconf 93' lang='lat' dir='ltr'><strong>in</strong></span> <span class='ocrx_word' id='word_1_132' title='bbox 994 2976 1064 3023; x_wconf 85' lang='lat' dir='ltr'><strong>vno</strong></span> <span class='ocrx_word' id='word_1_133' title='bbox 1092 2951 1275 3023; x_wconf 86' lang='lat' dir='ltr'><strong>volumine</strong></span> <span class='ocrx_word' id='word_1_134' title='bbox 1300 2974 1383 3023; x_wconf 89' lang='lat' dir='ltr'><strong>cum</strong></span> <span class='ocrx_word' id='word_1_135' title='bbox 1409 2960 1582 3043; x_wconf 87' lang='lat' dir='ltr'><strong>apparatu</strong></span> <span class='ocrx_word' id='word_1_136' title='bbox 1602 2950 1788 3025; x_wconf 87' lang='lat' dir='ltr'><strong>Willelmi</strong></span> 
     </span>
     <span class='ocr_line' id='line_1_21' title="bbox 498 3060 1769 3159; baseline 0.001 -22"><span class='ocrx_word' id='word_1_137' title='bbox 498 3070 543 3137; x_wconf 94' lang='lat' dir='ltr'><strong>de</strong></span> <span class='ocrx_word' id='word_1_138' title='bbox 562 3065 695 3136; x_wconf 88' lang='lat' dir='ltr'><strong>lllonte</strong></span> <span class='ocrx_word' id='word_1_139' title='bbox 713 3065 870 3135; x_wconf 90' lang='lat' dir='ltr'><strong>lauduuo</strong></span> <span class='ocrx_word' id='word_1_140' title='bbox 887 3066 1063 3157; x_wconf 89' lang='lat' dir='ltr'><strong>incipiens</strong></span> <span class='ocrx_word' id='word_1_141' title='bbox 1080 3065 1118 3134; x_wconf 90' lang='lat' dir='ltr'><strong>in</strong></span> <span class='ocrx_word' id='word_1_142' title='bbox 1136 3062 1291 3135; x_wconf 87' lang='lat' dir='ltr'><strong>secundo</strong></span> <span class='ocrx_word' id='word_1_143' title='bbox 1308 3063 1395 3134; x_wconf 87' lang='lat' dir='ltr'><strong>folio</strong></span> <span class='ocrx_word' id='word_1_144' title='bbox 1411 3060 1602 3159; x_wconf 72' lang='lat' dir='ltr'><strong>Froprcnti</strong></span> <span class='ocrx_word' id='word_1_145' title='bbox 1617 3064 1743 3138; x_wconf 70' lang='lat' dir='ltr'><strong>diuino</strong></span> <span class='ocrx_word' id='word_1_146' title='bbox 1761 3110 1769 3125; x_wconf 91' lang='lat'><strong>·</strong></span> 
     </span>
    </p>

    <p class='ocr_par' dir='ltr' id='par_1_15' title="bbox 450 3173 1789 3361">
     <span class='ocr_line' id='line_1_22' title="bbox 450 3173 1789 3270; baseline 0.001 -20"><span class='ocrx_word' id='word_1_147' title='bbox 450 3179 605 3251; x_wconf 85' lang='lat' dir='ltr'><strong>Lectum</strong></span> <span class='ocrx_word' id='word_1_148' title='bbox 618 3179 733 3270; x_wconf 90' lang='lat' dir='ltr'><strong>prima</strong></span> <span class='ocrx_word' id='word_1_149' title='bbox 749 3176 773 3247; x_wconf 87' lang='lat' dir='ltr'>J</span> <span class='ocrx_word' id='word_1_150' title='bbox 775 3176 927 3248; x_wconf 89' lang='lat' dir='ltr'><strong>ohannis</strong></span> <span class='ocrx_word' id='word_1_151' title='bbox 940 3176 1088 3247; x_wconf 88' lang='lat' dir='ltr'><strong>Andree</strong></span> <span class='ocrx_word' id='word_1_152' title='bbox 1101 3174 1207 3269; x_wconf 90' lang='lat' dir='ltr'><strong>super</strong></span> <span class='ocrx_word' id='word_1_153' title='bbox 1219 3176 1374 3247; x_wconf 85' lang='lat' dir='ltr'><strong>Sextum</strong></span> <span class='ocrx_word' id='word_1_154' title='bbox 1387 3176 1564 3269; x_wconf 80' lang='lat' dir='ltr'><strong>iucipiens</strong></span> <span class='ocrx_word' id='word_1_155' title='bbox 1576 3178 1612 3247; x_wconf 94' lang='lat' dir='ltr'><strong>in</strong></span> <span class='ocrx_word' id='word_1_156' title='bbox 1624 3173 1789 3251; x_wconf 88' lang='lat' dir='ltr'><strong>secundo</strong></span> 
     </span>
     <span class='ocr_line' id='line_1_23' title="bbox 497 3288 778 3361; baseline -0.004 -2"><span class='ocrx_word' id='word_1_157' title='bbox 497 3291 582 3361; x_wconf 88' lang='lat' dir='ltr'><strong>folio</strong></span> <span class='ocrx_word' id='word_1_158' title='bbox 599 3288 778 3360; x_wconf 69' lang='lat' dir='ltr'><strong>labemus·</strong></span> 
     </span>
    </p>

    <p class='ocr_par' dir='ltr' id='par_1_16' title="bbox 448 3396 1787 3494">
     <span class='ocr_line' id='line_1_24' title="bbox 448 3396 1787 3494; baseline -0.007 -19"><span class='ocrx_word' id='word_1_159' title='bbox 448 3404 732 3475; x_wconf 87' lang='lat' dir='ltr'><strong>Archidiaconus</strong></span> <span class='ocrx_word' id='word_1_160' title='bbox 750 3400 854 3494; x_wconf 86' lang='lat' dir='ltr'><strong>super</strong></span> <span class='ocrx_word' id='word_1_161' title='bbox 870 3399 1011 3473; x_wconf 89' lang='lat' dir='ltr'><strong>sextum</strong></span> <span class='ocrx_word' id='word_1_162' title='bbox 1031 3402 1206 3494; x_wconf 88' lang='lat' dir='ltr'><strong>incipiens</strong></span> <span class='ocrx_word' id='word_1_163' title='bbox 1223 3401 1260 3469; x_wconf 92' lang='lat' dir='ltr'><strong>in</strong></span> <span class='ocrx_word' id='word_1_164' title='bbox 1279 3396 1435 3470; x_wconf 89' lang='lat' dir='ltr'><strong>secundo</strong></span> <span class='ocrx_word' id='word_1_165' title='bbox 1452 3399 1539 3471; x_wconf 89' lang='lat' dir='ltr'><strong>folio</strong></span> <span class='ocrx_word' id='word_1_166' title='bbox 1555 3398 1757 3477; x_wconf 76' lang='lat' dir='ltr'><strong>Haretrcam</strong></span> <span class='ocrx_word' id='word_1_167' title='bbox 1778 3450 1787 3465; x_wconf 91' lang='lat'><strong>.</strong></span> 
     </span>
    </p>

    <p class='ocr_par' dir='ltr' id='par_1_17' title="bbox 450 3510 1760 3603">
     <span class='ocr_line' id='line_1_25' title="bbox 450 3510 1760 3603; baseline -0.008 -18"><span class='ocrx_word' id='word_1_168' title='bbox 450 3516 672 3587; x_wconf 79' lang='lat' dir='ltr'><strong>Martiniano</strong></span> <span class='ocrx_word' id='word_1_169' title='bbox 688 3514 824 3585; x_wconf 89' lang='lat' dir='ltr'><strong>decreti</strong></span> <span class='ocrx_word' id='word_1_170' title='bbox 842 3524 880 3585; x_wconf 87' lang='lat' dir='ltr'><strong>et</strong></span> <span class='ocrx_word' id='word_1_171' title='bbox 898 3513 1130 3585; x_wconf 87' lang='lat' dir='ltr'><strong>decretalium</strong></span> <span class='ocrx_word' id='word_1_172' title='bbox 1149 3515 1187 3583; x_wconf 92' lang='lat' dir='ltr'><strong>iu</strong></span> <span class='ocrx_word' id='word_1_173' title='bbox 1204 3511 1359 3583; x_wconf 89' lang='lat' dir='ltr'><strong>secundo</strong></span> <span class='ocrx_word' id='word_1_174' title='bbox 1384 3510 1471 3582; x_wconf 88' lang='lat' dir='ltr'><strong>folio</strong></span> <span class='ocrx_word' id='word_1_175' title='bbox 1488 3511 1588 3603; x_wconf 78' lang='lat' dir='ltr'><strong>Quod</strong></span> <span class='ocrx_word' id='word_1_176' title='bbox 1602 3513 1734 3588; x_wconf 61' lang='lat' dir='ltr'><strong>abbam</strong></span> <span class='ocrx_word' id='word_1_177' title='bbox 1752 3560 1760 3575; x_wconf 92' lang='lat'>.</span> 
     </span>
    </p>

    <p class='ocr_par' dir='ltr' id='par_1_18' title="bbox 448 3620 1789 3837">
     <span class='ocr_line' id='line_1_26' title="bbox 448 3620 1789 3727; baseline 0.002 -30"><span class='ocrx_word' id='word_1_178' title='bbox 448 3627 658 3698; x_wconf 87' lang='lat' dir='ltr'><strong>Willelmus</strong></span> <span class='ocrx_word' id='word_1_179' title='bbox 676 3628 720 3697; x_wconf 93' lang='lat' dir='ltr'><strong>de</strong></span> <span class='ocrx_word' id='word_1_180' title='bbox 740 3626 781 3696; x_wconf 86' lang='lat' dir='ltr'><strong>M</strong></span> <span class='ocrx_word' id='word_1_181' title='bbox 785 3628 963 3721; x_wconf 87' lang='lat' dir='ltr'><strong>andagoto</strong></span> <span class='ocrx_word' id='word_1_182' title='bbox 980 3622 1087 3719; x_wconf 87' lang='lat' dir='ltr'><strong>super</strong></span> <span class='ocrx_word' id='word_1_183' title='bbox 1109 3624 1344 3697; x_wconf 78' lang='lat' dir='ltr'><strong>elettionibus</strong></span> <span class='ocrx_word' id='word_1_184' title='bbox 1360 3626 1398 3693; x_wconf 92' lang='lat' dir='ltr'><strong>in</strong></span> <span class='ocrx_word' id='word_1_185' title='bbox 1414 3620 1570 3697; x_wconf 88' lang='lat' dir='ltr'><strong>secundo</strong></span> <span class='ocrx_word' id='word_1_186' title='bbox 1587 3627 1672 3700; x_wconf 90' lang='lat' dir='ltr'><strong>folio</strong></span> <span class='ocrx_word' id='word_1_187' title='bbox 1698 3628 1789 3727; x_wconf 60' lang='lat' dir='ltr'><strong>Pp?</strong></span> 
     </span>
     <span class='ocr_line' id='line_1_27' title="bbox 496 3739 709 3837; baseline -0.019 -24"><span class='ocrx_word' id='word_1_188' title='bbox 496 3739 709 3837; x_wconf 66' lang='lat' dir='ltr'><strong>corffcnsum·</strong></span> 
     </span>
    </p>

    <p class='ocr_par' dir='ltr' id='par_1_19' title="bbox 448 3848 1790 4037">
     <span class='ocr_line' id='line_1_28' title="bbox 448 3848 1790 3946; baseline 0.004 -25"><span class='ocrx_word' id='word_1_189' title='bbox 448 3852 642 3946; x_wconf 85' lang='lat' dir='ltr'><strong>Speculum</strong></span> <span class='ocrx_word' id='word_1_190' title='bbox 678 3850 845 3921; x_wconf 90' lang='lat' dir='ltr'><strong>iudiciale</strong></span> <span class='ocrx_word' id='word_1_191' title='bbox 879 3852 1009 3921; x_wconf 90' lang='lat' dir='ltr'><strong>modici</strong></span> <span class='ocrx_word' id='word_1_192' title='bbox 1053 3849 1182 3921; x_wconf 82' lang='lat' dir='ltr'><strong>valoris</strong></span> <span class='ocrx_word' id='word_1_193' title='bbox 1215 3849 1390 3941; x_wconf 89' lang='lat' dir='ltr'><strong>incipieus</strong></span> <span class='ocrx_word' id='word_1_194' title='bbox 1431 3851 1468 3920; x_wconf 92' lang='lat' dir='ltr'><strong>iu</strong></span> <span class='ocrx_word' id='word_1_195' title='bbox 1504 3848 1660 3923; x_wconf 88' lang='lat' dir='ltr'><strong>secundo</strong></span> <span class='ocrx_word' id='word_1_196' title='bbox 1694 3856 1790 3927; x_wconf 88' lang='lat' dir='ltr'><strong>folio</strong></span> 
     </span>
     <span class='ocr_line' id='line_1_29' title="bbox 502 3964 670 4037; baseline -0.012 -2"><span class='ocrx_word' id='word_1_197' title='bbox 502 3964 670 4037; x_wconf 81' lang='lat' dir='ltr'><strong>Tradita·</strong></span> 
     </span>
    </p>

    <p class='ocr_par' dir='ltr' id='par_1_20' title="bbox 446 4066 1641 4169">
     <span class='ocr_line' id='line_1_30' title="bbox 446 4066 1641 4169; baseline -0.003 -20"><span class='ocrx_word' id='word_1_198' title='bbox 446 4079 643 4150; x_wconf 75' lang='lat' dir='ltr'><strong>&#39;l&#39;aucretus</strong></span> <span class='ocrx_word' id='word_1_199' title='bbox 661 4077 705 4146; x_wconf 91' lang='lat' dir='ltr'><strong>de</strong></span> <span class='ocrx_word' id='word_1_200' title='bbox 723 4076 864 4169; x_wconf 87' lang='lat' dir='ltr'><strong>iudicijs</strong></span> <span class='ocrx_word' id='word_1_201' title='bbox 881 4076 1056 4167; x_wconf 87' lang='lat' dir='ltr'><strong>incipiens</strong></span> <span class='ocrx_word' id='word_1_202' title='bbox 1073 4076 1110 4144; x_wconf 94' lang='lat' dir='ltr'><strong>in</strong></span> <span class='ocrx_word' id='word_1_203' title='bbox 1128 4070 1283 4145; x_wconf 90' lang='lat' dir='ltr'><strong>secundo</strong></span> <span class='ocrx_word' id='word_1_204' title='bbox 1300 4071 1387 4143; x_wconf 91' lang='lat' dir='ltr'><strong>folio</strong></span> <span class='ocrx_word' id='word_1_205' title='bbox 1399 4066 1616 4146; x_wconf 59' lang='lat' dir='ltr'><strong>Pertrudoto</strong></span> <span class='ocrx_word' id='word_1_206' title='bbox 1633 4116 1641 4133; x_wconf 93' lang='lat'><strong>·</strong></span> 
     </span>
    </p>

    <p class='ocr_par' dir='ltr' id='par_1_21' title="bbox 448 4186 1789 4373">
     <span class='ocr_line' id='line_1_31' title="bbox 448 4186 1789 4281; baseline 0.002 -20"><span class='ocrx_word' id='word_1_207' title='bbox 448 4190 670 4261; x_wconf 82' lang='lat' dir='ltr'><strong>Martiniano</strong></span> <span class='ocrx_word' id='word_1_208' title='bbox 681 4188 816 4258; x_wconf 89' lang='lat' dir='ltr'><strong>decreti</strong></span> <span class='ocrx_word' id='word_1_209' title='bbox 828 4198 867 4259; x_wconf 89' lang='lat' dir='ltr'><strong>et</strong></span> <span class='ocrx_word' id='word_1_210' title='bbox 877 4186 1113 4257; x_wconf 91' lang='lat' dir='ltr'><strong>decretalium</strong></span> <span class='ocrx_word' id='word_1_211' title='bbox 1123 4196 1313 4279; x_wconf 88' lang='lat' dir='ltr'><strong>coopertus</strong></span> <span class='ocrx_word' id='word_1_212' title='bbox 1325 4186 1370 4256; x_wconf 88' lang='lat' dir='ltr'><strong>de</strong></span> <span class='ocrx_word' id='word_1_213' title='bbox 1381 4188 1496 4257; x_wconf 92' lang='lat' dir='ltr'><strong>corrio</strong></span> <span class='ocrx_word' id='word_1_214' title='bbox 1507 4188 1609 4281; x_wconf 80' lang='lat' dir='ltr'><strong>nigro</strong></span> <span class='ocrx_word' id='word_1_215' title='bbox 1622 4188 1789 4264; x_wconf 88' lang='lat' dir='ltr'><strong>secundo</strong></span> 
     </span>
     <span class='ocr_line' id='line_1_32' title="bbox 495 4288 1237 4373; baseline -0.004 -1"><span class='ocrx_word' id='word_1_216' title='bbox 495 4303 579 4373; x_wconf 85' lang='lat' dir='ltr'><strong>folio</strong></span> <span class='ocrx_word' id='word_1_217' title='bbox 596 4302 762 4373; x_wconf 61' lang='lat' dir='ltr'><strong>mum·</strong></span> <span class='ocrx_word' id='word_1_218' title='bbox 1230 4288 1237 4293; x_wconf 43' lang='lat'>⁸</span> 
     </span>
    </p>

    <p class='ocr_par' dir='ltr' id='par_1_22' title="bbox 445 4408 1730 4506">
     <span class='ocr_line' id='line_1_33' title="bbox 445 4408 1730 4506; baseline -0.001 -18"><span class='ocrx_word' id='word_1_219' title='bbox 445 4415 599 4489; x_wconf 64' lang='lat' dir='ltr'><strong>Lesura</strong></span> <span class='ocrx_word' id='word_1_220' title='bbox 615 4411 822 4506; x_wconf 77' lang='lat' dir='ltr'><strong>Innocencij</strong></span> <span class='ocrx_word' id='word_1_221' title='bbox 841 4413 958 4502; x_wconf 87' lang='lat' dir='ltr'><strong>quarti</strong></span> <span class='ocrx_word' id='word_1_222' title='bbox 976 4408 1081 4503; x_wconf 87' lang='lat' dir='ltr'><strong>super</strong></span> <span class='ocrx_word' id='word_1_223' title='bbox 1097 4410 1297 4481; x_wconf 87' lang='lat' dir='ltr'><strong>decretales</strong></span> <span class='ocrx_word' id='word_1_224' title='bbox 1314 4412 1351 4480; x_wconf 91' lang='lat' dir='ltr'><strong>in</strong></span> <span class='ocrx_word' id='word_1_225' title='bbox 1368 4408 1524 4483; x_wconf 90' lang='lat' dir='ltr'><strong>secundo</strong></span> <span class='ocrx_word' id='word_1_226' title='bbox 1542 4412 1628 4483; x_wconf 90' lang='lat' dir='ltr'><strong>folio</strong></span> <span class='ocrx_word' id='word_1_227' title='bbox 1643 4414 1685 4503; x_wconf 76' lang='lat' dir='ltr'><strong>Q.</strong></span> <span class='ocrx_word' id='word_1_228' title='bbox 1706 4419 1730 4487; x_wconf 77' lang='grc' dir='ltr'><strong>ι’.</strong></span> 
     </span>
    </p>

    <p class='ocr_par' dir='ltr' id='par_1_23' title="bbox 443 4519 1789 4620">
     <span class='ocr_line' id='line_1_34' title="bbox 443 4519 1789 4620; baseline 0 -23"><span class='ocrx_word' id='word_1_229' title='bbox 443 4526 672 4598; x_wconf 78' lang='lat' dir='ltr'><strong>Clementiae</strong></span> <span class='ocrx_word' id='word_1_230' title='bbox 699 4547 780 4594; x_wconf 88' lang='lat' dir='ltr'><strong>cum</strong></span> <span class='ocrx_word' id='word_1_231' title='bbox 809 4519 1124 4593; x_wconf 89' lang='lat' dir='ltr'><strong>constitutionibus</strong></span> <span class='ocrx_word' id='word_1_232' title='bbox 1145 4523 1281 4593; x_wconf 90' lang='lat' dir='ltr'><strong>domini</strong></span> <span class='ocrx_word' id='word_1_233' title='bbox 1306 4520 1483 4595; x_wconf 85' lang='lat' dir='ltr'><strong>Johanois</strong></span> <span class='ocrx_word' id='word_1_234' title='bbox 1510 4546 1602 4617; x_wconf 87' lang='lat' dir='ltr'><strong>pape</strong></span> <span class='ocrx_word' id='word_1_235' title='bbox 1627 4532 1704 4620; x_wconf 81' lang='lat' dir='ltr'><strong>xxij</strong></span> <span class='ocrx_word' id='word_1_236' title='bbox 1736 4533 1789 4604; x_wconf 84' lang='lat' dir='ltr'><strong>de</strong></span> 
     </span>
    </p>
   </div>
   <div class='ocr_carea' id='block_1_6' title="bbox 0 0 2030 5534">
    <p class='ocr_par' dir='ltr' id='par_1_24' title="bbox 0 0 2030 5534">
     <span class='ocr_line' id='line_1_35' title="bbox 0 0 2030 5534; baseline 0 2"><span class='ocrx_word' id='word_1_237' title='bbox 0 0 2030 5534; x_wconf 95' lang='lat' dir='ltr'><strong> </strong></span> 
     </span>
    </p>
   </div>
  </div>
 </body>
</html>
