<?xml version="1.0" encoding="UTF-8"?>
<!DOCTYPE html PUBLIC "-//W3C//DTD XHTML 1.0 Transitional//EN"
    "http://www.w3.org/TR/xhtml1/DTD/xhtml1-transitional.dtd">
<html xmlns="http://www.w3.org/1999/xhtml" xml:lang="en" lang="en">
 <head>
  <title>
</title>
<meta http-equiv="Content-Type" content="text/html;charset=utf-8" />
  <meta name='ocr-system' content='tesseract 3.04.00' />
  <meta name='ocr-capabilities' content='ocr_page ocr_carea ocr_par ocr_line ocrx_word'/>
</head>
<body>
  <div class='ocr_page' id='page_1' title='image "./registrumepisco02innegoog_0079.png"; bbox 0 0 4050 5534; ppageno 0'>
   <div class='ocr_carea' id='block_1_1' title="bbox 239 668 1105 764">
    <p class='ocr_par' dir='ltr' id='par_1_1' title="bbox 239 668 1105 764">
     <span class='ocr_line' id='line_1_1' title="bbox 239 668 1105 764; baseline 0.002 -23"><span class='ocrx_word' id='word_1_1' title='bbox 239 668 336 764; x_wconf 78' lang='lat' dir='ltr'>xun]</span> <span class='ocrx_word' id='word_1_2' title='bbox 703 671 1105 746; x_wconf 84' lang='lat' dir='ltr'><strong>ABERDONENSE.</strong></span> 
     </span>
    </p>
   </div>
   <div class='ocr_carea' id='block_1_2' title="bbox 537 983 1266 1078">
    <p class='ocr_par' dir='ltr' id='par_1_2' title="bbox 537 983 1266 1078">
     <span class='ocr_line' id='line_1_2' title="bbox 537 983 1266 1078; baseline 0.001 -24"><span class='ocrx_word' id='word_1_3' title='bbox 537 983 641 1056; x_wconf 89' lang='lat' dir='ltr'>LIII.</span> <span class='ocrx_word' id='word_1_4' title='bbox 669 983 728 1056; x_wconf 91' lang='lat' dir='ltr'>De</span> <span class='ocrx_word' id='word_1_5' title='bbox 744 1008 838 1078; x_wconf 90' lang='lat' dir='ltr'>pena</span> <span class='ocrx_word' id='word_1_6' title='bbox 855 983 1011 1057; x_wconf 88' lang='lat' dir='ltr'>incestus</span> <span class='ocrx_word' id='word_1_7' title='bbox 1029 984 1239 1057; x_wconf 89' lang='lat' dir='ltr'>clericorum</span> <span class='ocrx_word' id='word_1_8' title='bbox 1258 1025 1266 1041; x_wconf 91' lang='lat'><strong>·</strong></span> 
     </span>
    </p>
   </div>
   <div class='ocr_carea' id='block_1_3' title="bbox 213 1207 1570 2090">
    <p class='ocr_par' dir='ltr' id='par_1_3' title="bbox 213 1207 1570 2090">
     <span class='ocr_line' id='line_1_3' title="bbox 236 1207 1570 1302; baseline 0.002 -21"><span class='ocrx_word' id='word_1_9' title='bbox 236 1209 270 1281; x_wconf 91' lang='lat' dir='ltr'>Si</span> <span class='ocrx_word' id='word_1_10' title='bbox 286 1212 366 1302; x_wconf 87' lang='lat' dir='ltr'>quis</span> <span class='ocrx_word' id='word_1_11' title='bbox 381 1207 544 1282; x_wconf 78' lang='lat' dir='ltr'>sacerdos</span> <span class='ocrx_word' id='word_1_12' title='bbox 567 1233 650 1281; x_wconf 89' lang='lat' dir='ltr'>cum</span> <span class='ocrx_word' id='word_1_13' title='bbox 676 1209 751 1281; x_wconf 89' lang='lat' dir='ltr'>filia</span> <span class='ocrx_word' id='word_1_14' title='bbox 776 1207 838 1281; x_wconf 90' lang='lat' dir='ltr'>sua</span> <span class='ocrx_word' id='word_1_15' title='bbox 864 1207 1040 1302; x_wconf 89' lang='lat' dir='ltr'>spirituali</span> <span class='ocrx_word' id='word_1_16' title='bbox 1066 1211 1262 1282; x_wconf 89' lang='lat' dir='ltr'>fornicatus</span> <span class='ocrx_word' id='word_1_17' title='bbox 1287 1211 1398 1282; x_wconf 88' lang='lat' dir='ltr'>fuerit</span> <span class='ocrx_word' id='word_1_18' title='bbox 1419 1207 1508 1282; x_wconf 88' lang='lat' dir='ltr'>sciat</span> <span class='ocrx_word' id='word_1_19' title='bbox 1532 1211 1570 1284; x_wconf 87' lang='lat' dir='ltr'>se</span> 
     </span>
     <span class='ocr_line' id='line_1_4' title="bbox 235 1317 1570 1416; baseline 0.001 -22"><span class='ocrx_word' id='word_1_20' title='bbox 235 1345 338 1416; x_wconf 83' lang='lat' dir='ltr'>graue</span> <span class='ocrx_word' id='word_1_21' title='bbox 355 1322 573 1394; x_wconf 74' lang='lat' dir='ltr'><strong>adulterium</strong></span> <span class='ocrx_word' id='word_1_22' title='bbox 591 1318 800 1394; x_wconf 76' lang='lat' dir='ltr'>commisisse</span> <span class='ocrx_word' id='word_1_23' title='bbox 815 1362 822 1377; x_wconf 94' lang='lat'><strong>·</strong></span> <span class='ocrx_word' id='word_1_24' title='bbox 838 1323 875 1392; x_wconf 92' lang='lat' dir='ltr'>id</span> <span class='ocrx_word' id='word_1_25' title='bbox 893 1323 987 1394; x_wconf 86' lang='lat' dir='ltr'>clrco</span> <span class='ocrx_word' id='word_1_26' title='bbox 1004 1317 1032 1392; x_wconf 89' lang='lat' dir='ltr'>li</span> <span class='ocrx_word' id='word_1_27' title='bbox 1050 1323 1185 1394; x_wconf 89' lang='lat' dir='ltr'>femina</span> <span class='ocrx_word' id='word_1_28' title='bbox 1201 1322 1294 1395; x_wconf 88' lang='lat' dir='ltr'>laica</span> <span class='ocrx_word' id='word_1_29' title='bbox 1311 1317 1354 1394; x_wconf 89' lang='lat' dir='ltr'>srt</span> <span class='ocrx_word' id='word_1_30' title='bbox 1371 1326 1492 1396; x_wconf 90' lang='lat' dir='ltr'>omnia</span> <span class='ocrx_word' id='word_1_31' title='bbox 1509 1326 1570 1395; x_wconf 88' lang='lat' dir='ltr'>de·</span> 
     </span>
     <span class='ocr_line' id='line_1_5' title="bbox 235 1432 1568 1529; baseline 0 -23"><span class='ocrx_word' id='word_1_32' title='bbox 235 1434 408 1529; x_wconf 90' lang='lat' dir='ltr'>relinquat</span> <span class='ocrx_word' id='word_1_33' title='bbox 426 1443 465 1506; x_wconf 95' lang='lat' dir='ltr'>et</span> <span class='ocrx_word' id='word_1_34' title='bbox 481 1457 538 1506; x_wconf 87' lang='lat' dir='ltr'>res</span> <span class='ocrx_word' id='word_1_35' title='bbox 556 1433 634 1506; x_wconf 86' lang='lat' dir='ltr'>suas</span> <span class='ocrx_word' id='word_1_36' title='bbox 658 1435 875 1528; x_wconf 87' lang='lat' dir='ltr'>pauperibus</span> <span class='ocrx_word' id='word_1_37' title='bbox 900 1435 1038 1506; x_wconf 91' lang='lat' dir='ltr'>tribuat</span> <span class='ocrx_word' id='word_1_38' title='bbox 1054 1445 1094 1505; x_wconf 89' lang='lat' dir='ltr'>et</span> <span class='ocrx_word' id='word_1_39' title='bbox 1110 1432 1282 1507; x_wconf 87' lang='lat' dir='ltr'>conuersa</span> <span class='ocrx_word' id='word_1_40' title='bbox 1298 1436 1336 1506; x_wconf 89' lang='lat' dir='ltr'>in</span> <span class='ocrx_word' id='word_1_41' title='bbox 1354 1433 1568 1508; x_wconf 81' lang='lat' dir='ltr'>monasterio</span> 
     </span>
     <span class='ocr_line' id='line_1_6' title="bbox 235 1543 1570 1642; baseline 0 -24"><span class='ocrx_word' id='word_1_42' title='bbox 235 1545 309 1618; x_wconf 89' lang='lat' dir='ltr'>Deo</span> <span class='ocrx_word' id='word_1_43' title='bbox 327 1544 435 1640; x_wconf 76' lang='lat' dir='ltr'>nsque</span> <span class='ocrx_word' id='word_1_44' title='bbox 451 1547 496 1618; x_wconf 91' lang='lat' dir='ltr'>ad</span> <span class='ocrx_word' id='word_1_45' title='bbox 520 1558 675 1618; x_wconf 89' lang='lat' dir='ltr'>mortem</span> <span class='ocrx_word' id='word_1_46' title='bbox 695 1545 828 1619; x_wconf 87' lang='lat' dir='ltr'>seruiat</span> <span class='ocrx_word' id='word_1_47' title='bbox 846 1586 853 1604; x_wconf 91' lang='lat'>·</span> <span class='ocrx_word' id='word_1_48' title='bbox 874 1569 946 1617; x_wconf 93' lang='lat' dir='ltr'>non</span> <span class='ocrx_word' id='word_1_49' title='bbox 968 1547 1078 1618; x_wconf 89' lang='lat' dir='ltr'>debet</span> <span class='ocrx_word' id='word_1_50' title='bbox 1102 1543 1287 1641; x_wconf 90' lang='lat' dir='ltr'>episcopus</span> <span class='ocrx_word' id='word_1_51' title='bbox 1304 1547 1362 1619; x_wconf 87' lang='lat' dir='ltr'>vel</span> <span class='ocrx_word' id='word_1_52' title='bbox 1387 1546 1570 1642; x_wconf 88' lang='lat' dir='ltr'>presbyter</span> 
     </span>
     <span class='ocr_line' id='line_1_7' title="bbox 235 1655 1568 1753; baseline 0.002 -23"><span class='ocrx_word' id='word_1_53' title='bbox 235 1658 447 1730; x_wconf 77' lang='lat' dir='ltr'>commisceri</span> <span class='ocrx_word' id='word_1_54' title='bbox 473 1681 556 1731; x_wconf 88' lang='lat' dir='ltr'>cum</span> <span class='ocrx_word' id='word_1_55' title='bbox 579 1659 790 1731; x_wconf 86' lang='lat' dir='ltr'>mulieribus</span> <span class='ocrx_word' id='word_1_56' title='bbox 808 1683 878 1753; x_wconf 90' lang='lat' dir='ltr'>que</span> <span class='ocrx_word' id='word_1_57' title='bbox 896 1660 938 1752; x_wconf 88' lang='lat' dir='ltr'>ijs</span> <span class='ocrx_word' id='word_1_58' title='bbox 956 1655 1110 1730; x_wconf 87' lang='lat' dir='ltr'>confesse</span> <span class='ocrx_word' id='word_1_59' title='bbox 1134 1657 1216 1731; x_wconf 92' lang='lat' dir='ltr'>sunt</span> <span class='ocrx_word' id='word_1_60' title='bbox 1237 1670 1387 1752; x_wconf 88' lang='lat' dir='ltr'>peccata</span> <span class='ocrx_word' id='word_1_61' title='bbox 1399 1701 1412 1730; x_wconf 89' lang='lat'>.·</span> <span class='ocrx_word' id='word_1_62' title='bbox 1430 1657 1457 1732; x_wconf 86' lang='lat' dir='ltr'>si</span> <span class='ocrx_word' id='word_1_63' title='bbox 1475 1662 1568 1733; x_wconf 85' lang='lat' dir='ltr'>sorte</span> 
     </span>
     <span class='ocr_line' id='line_1_8' title="bbox 234 1766 1569 1868; baseline 0.002 -26"><span class='ocrx_word' id='word_1_64' title='bbox 234 1773 323 1862; x_wconf 85' lang='lat' dir='ltr'>quod</span> <span class='ocrx_word' id='word_1_65' title='bbox 344 1767 436 1843; x_wconf 80' lang='lat' dir='ltr'>absit</span> <span class='ocrx_word' id='word_1_66' title='bbox 452 1766 499 1842; x_wconf 81' lang='lat' dir='ltr'>sic</span> <span class='ocrx_word' id='word_1_67' title='bbox 517 1773 710 1866; x_wconf 86' lang='lat' dir='ltr'>contigerit</span> <span class='ocrx_word' id='word_1_68' title='bbox 728 1766 775 1843; x_wconf 90' lang='lat' dir='ltr'>fic</span> <span class='ocrx_word' id='word_1_69' title='bbox 792 1773 954 1864; x_wconf 81' lang='lat' dir='ltr'>peniteat</span> <span class='ocrx_word' id='word_1_70' title='bbox 972 1772 1151 1862; x_wconf 93' lang='lat' dir='ltr'>quomodo</span> <span class='ocrx_word' id='word_1_71' title='bbox 1169 1779 1206 1842; x_wconf 92' lang='lat' dir='ltr'>et</span> <span class='ocrx_word' id='word_1_72' title='bbox 1224 1772 1269 1842; x_wconf 89' lang='lat' dir='ltr'>de</span> <span class='ocrx_word' id='word_1_73' title='bbox 1286 1772 1360 1844; x_wconf 89' lang='lat' dir='ltr'>filia</span> <span class='ocrx_word' id='word_1_74' title='bbox 1384 1770 1447 1845; x_wconf 89' lang='lat' dir='ltr'>sua</span> <span class='ocrx_word' id='word_1_75' title='bbox 1471 1772 1569 1868; x_wconf 91' lang='lat' dir='ltr'>spiri-</span> 
     </span>
     <span class='ocr_line' id='line_1_9' title="bbox 235 1879 1569 1978; baseline 0.003 -25"><span class='ocrx_word' id='word_1_76' title='bbox 235 1883 342 1955; x_wconf 88' lang='lat' dir='ltr'>tuali·</span> <span class='ocrx_word' id='word_1_77' title='bbox 362 1879 557 1976; x_wconf 81' lang='lat' dir='ltr'>Episcopus</span> <span class='ocrx_word' id='word_1_78' title='bbox 574 1885 678 1956; x_wconf 90' lang='lat' dir='ltr'>annis</span> <span class='ocrx_word' id='word_1_79' title='bbox 695 1883 909 1976; x_wconf 89' lang='lat' dir='ltr'>quindecem</span> <span class='ocrx_word' id='word_1_80' title='bbox 926 1879 1111 1977; x_wconf 77' lang='lat' dir='ltr'>presbyter</span> <span class='ocrx_word' id='word_1_81' title='bbox 1126 1885 1231 1955; x_wconf 86' lang='lat' dir='ltr'>annis</span> <span class='ocrx_word' id='word_1_82' title='bbox 1248 1885 1447 1956; x_wconf 83' lang='lat' dir='ltr'>duodecem</span> <span class='ocrx_word' id='word_1_83' title='bbox 1459 1888 1569 1978; x_wconf 90' lang='lat' dir='ltr'>peni·</span> 
     </span>
     <span class='ocr_line' id='line_1_10' title="bbox 213 1981 1419 2090; baseline 0.001 -23"><span class='ocrx_word' id='word_1_84' title='bbox 213 1981 306 2068; x_wconf 77' lang='lat' dir='ltr'>¹teat</span> <span class='ocrx_word' id='word_1_85' title='bbox 323 2007 361 2068; x_wconf 90' lang='lat' dir='ltr'>et</span> <span class='ocrx_word' id='word_1_86' title='bbox 378 1997 580 2090; x_wconf 89' lang='lat' dir='ltr'>deponatur</span> <span class='ocrx_word' id='word_1_87' title='bbox 596 2005 718 2067; x_wconf 90' lang='lat' dir='ltr'>tamen</span> <span class='ocrx_word' id='word_1_88' title='bbox 737 1989 763 2066; x_wconf 87' lang='lat' dir='ltr'>fi</span> <span class='ocrx_word' id='word_1_89' title='bbox 781 1997 818 2066; x_wconf 94' lang='lat' dir='ltr'>in</span> <span class='ocrx_word' id='word_1_90' title='bbox 836 1992 1092 2068; x_wconf 86' lang='lat' dir='ltr'>conscientiam</span> <span class='ocrx_word' id='word_1_91' title='bbox 1110 1994 1234 2088; x_wconf 90' lang='lat' dir='ltr'>populi</span> <span class='ocrx_word' id='word_1_92' title='bbox 1252 1999 1393 2068; x_wconf 86' lang='lat' dir='ltr'>venerit</span> <span class='ocrx_word' id='word_1_93' title='bbox 1410 2041 1419 2056; x_wconf 90' lang='lat'><strong>·</strong></span> 
     </span>
    </p>
   </div>
   <div class='ocr_carea' id='block_1_4' title="bbox 375 2215 1568 2428">
    <p class='ocr_par' dir='ltr' id='par_1_4' title="bbox 375 2215 1568 2428">
     <span class='ocr_line' id='line_1_11' title="bbox 376 2215 1568 2304; baseline 0.002 -13"><span class='ocrx_word' id='word_1_94' title='bbox 376 2218 478 2292; x_wconf 88' lang='lat' dir='ltr'>LIV.</span> <span class='ocrx_word' id='word_1_95' title='bbox 505 2219 611 2304; x_wconf 87' lang='lat' dir='ltr'>Quod</span> <span class='ocrx_word' id='word_1_96' title='bbox 645 2218 821 2292; x_wconf 83' lang='lat' dir='ltr'>absolutio</span> <span class='ocrx_word' id='word_1_97' title='bbox 851 2220 1236 2292; x_wconf 84' lang='lat' dir='ltr'>excommunicationis</span> <span class='ocrx_word' id='word_1_98' title='bbox 1266 2242 1339 2291; x_wconf 92' lang='lat' dir='ltr'>uon</span> <span class='ocrx_word' id='word_1_99' title='bbox 1368 2215 1414 2292; x_wconf 82' lang='lat' dir='ltr'>srt</span> <span class='ocrx_word' id='word_1_100' title='bbox 1448 2232 1568 2293; x_wconf 86' lang='lat' dir='ltr'>extor-</span> 
     </span>
     <span class='ocr_line' id='line_1_12' title="bbox 375 2333 751 2428; baseline 0 -24"><span class='ocrx_word' id='word_1_101' title='bbox 375 2333 519 2425; x_wconf 87' lang='lat' dir='ltr'>quenda</span> <span class='ocrx_word' id='word_1_102' title='bbox 535 2355 599 2428; x_wconf 91' lang='lat' dir='ltr'>per</span> <span class='ocrx_word' id='word_1_103' title='bbox 617 2333 725 2405; x_wconf 87' lang='lat' dir='ltr'>laicos</span> <span class='ocrx_word' id='word_1_104' title='bbox 742 2373 751 2390; x_wconf 91' lang='lat'><strong>·</strong></span> 
     </span>
    </p>
   </div>
   <div class='ocr_carea' id='block_1_5' title="bbox 227 2552 1671 3889">
    <p class='ocr_par' dir='ltr' id='par_1_5' title="bbox 227 2552 1671 3889">
     <span class='ocr_line' id='line_1_13' title="bbox 233 2552 1568 2651; baseline 0.001 -21"><span class='ocrx_word' id='word_1_105' title='bbox 233 2559 319 2630; x_wconf 90' lang='lat' dir='ltr'>Cum</span> <span class='ocrx_word' id='word_1_106' title='bbox 353 2558 455 2630; x_wconf 88' lang='lat' dir='ltr'>laicis</span> <span class='ocrx_word' id='word_1_107' title='bbox 484 2559 530 2629; x_wconf 91' lang='lat' dir='ltr'>de</span> <span class='ocrx_word' id='word_1_108' title='bbox 559 2559 666 2630; x_wconf 87' lang='lat' dir='ltr'>rebus</span> <span class='ocrx_word' id='word_1_109' title='bbox 695 2555 757 2628; x_wconf 89' lang='lat' dir='ltr'>seu</span> <span class='ocrx_word' id='word_1_110' title='bbox 786 2554 946 2651; x_wconf 91' lang='lat' dir='ltr'>personis</span> <span class='ocrx_word' id='word_1_111' title='bbox 981 2552 1227 2628; x_wconf 76' lang='lat' dir='ltr'>ecclesiasticis</span> <span class='ocrx_word' id='word_1_112' title='bbox 1260 2557 1363 2628; x_wconf 86' lang='lat' dir='ltr'>nulla</span> <span class='ocrx_word' id='word_1_113' title='bbox 1391 2555 1435 2628; x_wconf 85' lang='lat' dir='ltr'>srt</span> <span class='ocrx_word' id='word_1_114' title='bbox 1465 2563 1568 2631; x_wconf 87' lang='lat' dir='ltr'>attri-</span> 
     </span>
     <span class='ocr_line' id='line_1_14' title="bbox 231 2665 1566 2773; baseline 0.001 -31"><span class='ocrx_word' id='word_1_115' title='bbox 231 2672 314 2744; x_wconf 85' lang='lat' dir='ltr'>buta</span> <span class='ocrx_word' id='word_1_116' title='bbox 336 2667 495 2764; x_wconf 87' lang='lat' dir='ltr'>potestas</span> <span class='ocrx_word' id='word_1_117' title='bbox 512 2667 720 2764; x_wconf 88' lang='lat' dir='ltr'>disponendi</span> <span class='ocrx_word' id='word_1_118' title='bbox 739 2669 868 2762; x_wconf 85' lang='lat' dir='ltr'>quibus</span> <span class='ocrx_word' id='word_1_119' title='bbox 885 2669 1104 2762; x_wconf 87' lang='lat' dir='ltr'>obsequendi</span> <span class='ocrx_word' id='word_1_120' title='bbox 1129 2678 1254 2740; x_wconf 89' lang='lat' dir='ltr'>manet</span> <span class='ocrx_word' id='word_1_121' title='bbox 1279 2665 1468 2773; x_wconf 76' lang='lat' dir='ltr'>necessitas</span> <span class='ocrx_word' id='word_1_122' title='bbox 1492 2695 1566 2744; x_wconf 92' lang='lat' dir='ltr'>non</span> 
     </span>
     <span class='ocr_line' id='line_1_15' title="bbox 230 2777 1567 2877; baseline 0.001 -21"><span class='ocrx_word' id='word_1_123' title='bbox 230 2787 399 2856; x_wconf 80' lang='lat' dir='ltr'>autoritas</span> <span class='ocrx_word' id='word_1_124' title='bbox 427 2783 626 2876; x_wconf 90' lang='lat' dir='ltr'>imperandi</span> <span class='ocrx_word' id='word_1_125' title='bbox 656 2783 702 2854; x_wconf 87' lang='lat' dir='ltr'>ad</span> <span class='ocrx_word' id='word_1_126' title='bbox 732 2782 987 2875; x_wconf 85' lang='lat' dir='ltr'>extirpandum</span> <span class='ocrx_word' id='word_1_127' title='bbox 1018 2777 1285 2854; x_wconf 88' lang='lat' dir='ltr'>constitutionis</span> <span class='ocrx_word' id='word_1_128' title='bbox 1312 2783 1445 2854; x_wconf 82' lang='lat' dir='ltr'>vicium</span> <span class='ocrx_word' id='word_1_129' title='bbox 1471 2787 1567 2877; x_wconf 90' lang='lat' dir='ltr'>quod</span> 
     </span>
     <span class='ocr_line' id='line_1_16' title="bbox 230 2888 1567 2991; baseline 0.003 -25"><span class='ocrx_word' id='word_1_130' title='bbox 230 2919 339 2991; x_wconf 92' lang='lat' dir='ltr'>nuper</span> <span class='ocrx_word' id='word_1_131' title='bbox 369 2895 521 2967; x_wconf 92' lang='lat' dir='ltr'>inoleuit</span> <span class='ocrx_word' id='word_1_132' title='bbox 551 2897 588 2966; x_wconf 93' lang='lat' dir='ltr'>in</span> <span class='ocrx_word' id='word_1_133' title='bbox 619 2889 883 2965; x_wconf 88' lang='lat' dir='ltr'>subuersronem</span> <span class='ocrx_word' id='word_1_134' title='bbox 914 2888 1151 2966; x_wconf 76' lang='lat' dir='ltr'>ecclesiastice</span> <span class='ocrx_word' id='word_1_135' title='bbox 1180 2892 1358 2965; x_wconf 83' lang='lat' dir='ltr'>libertatis</span> <span class='ocrx_word' id='word_1_136' title='bbox 1382 2918 1447 2988; x_wconf 89' lang='lat' dir='ltr'>per</span> <span class='ocrx_word' id='word_1_137' title='bbox 1471 2900 1567 2988; x_wconf 92' lang='lat' dir='ltr'>quod</span> 
     </span>
     <span class='ocr_line' id='line_1_17' title="bbox 228 3002 1568 3102; baseline 0.001 -24"><span class='ocrx_word' id='word_1_138' title='bbox 228 3008 365 3102; x_wconf 79' lang='lat' dir='ltr'>gladius</span> <span class='ocrx_word' id='word_1_139' title='bbox 389 3005 583 3102; x_wconf 87' lang='lat' dir='ltr'>spiritualis</span> <span class='ocrx_word' id='word_1_140' title='bbox 605 3017 643 3078; x_wconf 88' lang='lat' dir='ltr'>et</span> <span class='ocrx_word' id='word_1_141' title='bbox 667 3005 788 3078; x_wconf 88' lang='lat' dir='ltr'>claues</span> <span class='ocrx_word' id='word_1_142' title='bbox 814 3002 962 3078; x_wconf 74' lang='lat' dir='ltr'>ecclesie</span> <span class='ocrx_word' id='word_1_143' title='bbox 986 3005 1107 3100; x_wconf 86' lang='lat' dir='ltr'>gladio</span> <span class='ocrx_word' id='word_1_144' title='bbox 1132 3006 1310 3077; x_wconf 90' lang='lat' dir='ltr'>materiali</span> <span class='ocrx_word' id='word_1_145' title='bbox 1335 3003 1568 3101; x_wconf 78' lang='lat' dir='ltr'>subjiciantul</span> 
     </span>
     <span class='ocr_line' id='line_1_18' title="bbox 229 3115 1566 3213; baseline 0 -21"><span class='ocrx_word' id='word_1_146' title='bbox 229 3121 396 3192; x_wconf 83' lang='lat' dir='ltr'>duximus</span> <span class='ocrx_word' id='word_1_147' title='bbox 420 3115 651 3191; x_wconf 83' lang='lat' dir='ltr'>statuendum</span> <span class='ocrx_word' id='word_1_148' title='bbox 670 3120 764 3210; x_wconf 89' lang='lat' dir='ltr'>quod</span> <span class='ocrx_word' id='word_1_149' title='bbox 790 3117 912 3190; x_wconf 86' lang='lat' dir='ltr'>nullus</span> <span class='ocrx_word' id='word_1_150' title='bbox 936 3120 997 3210; x_wconf 91' lang='lat' dir='ltr'>qui</span> <span class='ocrx_word' id='word_1_151' title='bbox 1025 3115 1257 3188; x_wconf 78' lang='lat' dir='ltr'>iurisdictioni</span> <span class='ocrx_word' id='word_1_152' title='bbox 1285 3117 1401 3213; x_wconf 89' lang='lat' dir='ltr'>preest</span> <span class='ocrx_word' id='word_1_153' title='bbox 1424 3117 1566 3192; x_wconf 87' lang='lat' dir='ltr'>senteu-</span> 
     </span>
     <span class='ocr_line' id='line_1_19' title="bbox 229 3226 1565 3323; baseline 0 -17"><span class='ocrx_word' id='word_1_154' title='bbox 229 3237 318 3307; x_wconf 89' lang='lat' dir='ltr'>ciam</span> <span class='ocrx_word' id='word_1_155' title='bbox 352 3232 735 3305; x_wconf 86' lang='lat' dir='ltr'>excommunicationis</span> <span class='ocrx_word' id='word_1_156' title='bbox 768 3228 950 3304; x_wconf 74' lang='lat' dir='ltr'>interdicti</span> <span class='ocrx_word' id='word_1_157' title='bbox 982 3227 1044 3302; x_wconf 89' lang='lat' dir='ltr'>seu</span> <span class='ocrx_word' id='word_1_158' title='bbox 1072 3226 1308 3323; x_wconf 78' lang='lat' dir='ltr'>suspensionis</span> <span class='ocrx_word' id='word_1_159' title='bbox 1337 3232 1375 3302; x_wconf 90' lang='lat' dir='ltr'>in</span> <span class='ocrx_word' id='word_1_160' title='bbox 1406 3229 1565 3306; x_wconf 89' lang='lat' dir='ltr'>subditos</span> 
     </span>
     <span class='ocr_line' id='line_1_20' title="bbox 229 3340 1566 3438; baseline 0.001 -20"><span class='ocrx_word' id='word_1_161' title='bbox 229 3343 306 3418; x_wconf 88' lang='lat' dir='ltr'>snos</span> <span class='ocrx_word' id='word_1_162' title='bbox 333 3369 380 3418; x_wconf 86' lang='lat' dir='ltr'>ex</span> <span class='ocrx_word' id='word_1_163' title='bbox 405 3367 618 3438; x_wconf 89' lang='lat' dir='ltr'>quacunque</span> <span class='ocrx_word' id='word_1_164' title='bbox 645 3340 750 3415; x_wconf 89' lang='lat' dir='ltr'>causa</span> <span class='ocrx_word' id='word_1_165' title='bbox 776 3342 887 3414; x_wconf 89' lang='lat' dir='ltr'>latam</span> <span class='ocrx_word' id='word_1_166' title='bbox 912 3343 958 3414; x_wconf 88' lang='lat' dir='ltr'>ad</span> <span class='ocrx_word' id='word_1_167' title='bbox 983 3343 1195 3413; x_wconf 87' lang='lat' dir='ltr'>mandatum</span> <span class='ocrx_word' id='word_1_168' title='bbox 1222 3342 1373 3415; x_wconf 87' lang='lat' dir='ltr'>alicuius</span> <span class='ocrx_word' id='word_1_169' title='bbox 1400 3342 1566 3419; x_wconf 87' lang='lat' dir='ltr'>secularis</span> 
     </span>
     <span class='ocr_line' id='line_1_21' title="bbox 229 3452 1566 3552; baseline 0.001 -21"><span class='ocrx_word' id='word_1_170' title='bbox 229 3455 413 3552; x_wconf 85' lang='lat' dir='ltr'>potestatis</span> <span class='ocrx_word' id='word_1_171' title='bbox 430 3457 475 3528; x_wconf 95' lang='lat' dir='ltr'>de</span> <span class='ocrx_word' id='word_1_172' title='bbox 492 3466 613 3529; x_wconf 90' lang='lat' dir='ltr'>cetero</span> <span class='ocrx_word' id='word_1_173' title='bbox 639 3452 820 3548; x_wconf 90' lang='lat' dir='ltr'>presumat</span> <span class='ocrx_word' id='word_1_174' title='bbox 845 3454 1035 3527; x_wconf 86' lang='lat' dir='ltr'>relaxare·</span> <span class='ocrx_word' id='word_1_175' title='bbox 1054 3455 1095 3527; x_wconf 86' lang='lat' dir='ltr'>Si</span> <span class='ocrx_word' id='word_1_176' title='bbox 1112 3478 1197 3527; x_wconf 86' lang='lat' dir='ltr'>vero</span> <span class='ocrx_word' id='word_1_177' title='bbox 1217 3454 1384 3528; x_wconf 87' lang='lat' dir='ltr'>secularis</span> <span class='ocrx_word' id='word_1_178' title='bbox 1408 3457 1566 3551; x_wconf 79' lang='lat' dir='ltr'>potestas</span> 
     </span>
     <span class='ocr_line' id='line_1_22' title="bbox 228 3565 1671 3665; baseline 0.001 -23"><span class='ocrx_word' id='word_1_179' title='bbox 228 3573 265 3642; x_wconf 92' lang='lat' dir='ltr'>in</span> <span class='ocrx_word' id='word_1_180' title='bbox 290 3570 489 3664; x_wconf 87' lang='lat' dir='ltr'>pertinacia</span> <span class='ocrx_word' id='word_1_181' title='bbox 515 3566 579 3640; x_wconf 89' lang='lat' dir='ltr'>sua</span> <span class='ocrx_word' id='word_1_182' title='bbox 605 3567 835 3661; x_wconf 85' lang='lat' dir='ltr'>perseuerans</span> <span class='ocrx_word' id='word_1_183' title='bbox 860 3567 905 3640; x_wconf 86' lang='lat' dir='ltr'>ad</span> <span class='ocrx_word' id='word_1_184' title='bbox 930 3567 1166 3640; x_wconf 86' lang='lat' dir='ltr'>relaxandum</span> <span class='ocrx_word' id='word_1_185' title='bbox 1194 3565 1395 3641; x_wconf 80' lang='lat' dir='ltr'>sentencias</span> <span class='ocrx_word' id='word_1_186' title='bbox 1419 3593 1485 3665; x_wconf 89' lang='lat' dir='ltr'>per</span> <span class='ocrx_word' id='word_1_187' title='bbox 1507 3596 1565 3646; x_wconf 90' lang='lat' dir='ltr'>res</span> <span class='ocrx_word' id='word_1_188' title='bbox 1668 3571 1671 3576; x_wconf 74' lang='grc'><strong>’</strong></span> 
     </span>
     <span class='ocr_line' id='line_1_23' title="bbox 228 3675 1565 3776; baseline 0.001 -21"><span class='ocrx_word' id='word_1_189' title='bbox 228 3678 374 3755; x_wconf 86' lang='lat' dir='ltr'>ecclesie</span> <span class='ocrx_word' id='word_1_190' title='bbox 398 3680 551 3753; x_wconf 87' lang='lat' dir='ltr'>mobiles</span> <span class='ocrx_word' id='word_1_191' title='bbox 576 3675 651 3751; x_wconf 87' lang='lat' dir='ltr'>siue</span> <span class='ocrx_word' id='word_1_192' title='bbox 674 3678 877 3752; x_wconf 85' lang='lat' dir='ltr'>immobiles</span> <span class='ocrx_word' id='word_1_193' title='bbox 901 3678 963 3752; x_wconf 92' lang='lat' dir='ltr'>seu</span> <span class='ocrx_word' id='word_1_194' title='bbox 990 3681 1117 3773; x_wconf 91' lang='lat' dir='ltr'>quouis</span> <span class='ocrx_word' id='word_1_195' title='bbox 1142 3677 1213 3751; x_wconf 85' lang='lat' dir='ltr'>alio</span> <span class='ocrx_word' id='word_1_196' title='bbox 1239 3681 1346 3751; x_wconf 93' lang='lat' dir='ltr'>modo</span> <span class='ocrx_word' id='word_1_197' title='bbox 1371 3682 1565 3776; x_wconf 85' lang='lat' dir='ltr'>compellat</span> 
     </span>
     <span class='ocr_line' id='line_1_24' title="bbox 227 3791 1564 3889; baseline 0 -22"><span class='ocrx_word' id='word_1_198' title='bbox 227 3794 296 3868; x_wconf 87' lang='lat' dir='ltr'>loci</span> <span class='ocrx_word' id='word_1_199' title='bbox 318 3793 536 3889; x_wconf 88' lang='lat' dir='ltr'>dyocesanus</span> <span class='ocrx_word' id='word_1_200' title='bbox 560 3793 775 3865; x_wconf 78' lang='lat' dir='ltr'>auctoritate</span> <span class='ocrx_word' id='word_1_201' title='bbox 800 3792 941 3886; x_wconf 89' lang='lat' dir='ltr'>concilij</span> <span class='ocrx_word' id='word_1_202' title='bbox 968 3802 1007 3864; x_wconf 89' lang='lat' dir='ltr'>et</span> <span class='ocrx_word' id='word_1_203' title='bbox 1033 3793 1180 3865; x_wconf 83' lang='lat' dir='ltr'>canonis</span> <span class='ocrx_word' id='word_1_204' title='bbox 1209 3794 1337 3887; x_wconf 88' lang='lat' dir='ltr'>puniat</span> <span class='ocrx_word' id='word_1_205' title='bbox 1363 3791 1564 3868; x_wconf 87' lang='lat' dir='ltr'>huiusmodi</span> 
     </span>
    </p>
   </div>
   <div class='ocr_carea' id='block_1_6' title="bbox 227 3907 523 4001">
    <p class='ocr_par' dir='ltr' id='par_1_6' title="bbox 227 3907 523 4001">
     <span class='ocr_line' id='line_1_25' title="bbox 227 3907 523 4001; baseline -0.01 -21"><span class='ocrx_word' id='word_1_206' title='bbox 227 3907 497 4001; x_wconf 87' lang='lat' dir='ltr'>delinquentem</span> <span class='ocrx_word' id='word_1_207' title='bbox 515 3943 523 3960; x_wconf 94' lang='lat'><strong>·</strong></span> 
     </span>
    </p>
   </div>
   <div class='ocr_carea' id='block_1_7' title="bbox 705 4124 1089 4222">
    <p class='ocr_par' dir='ltr' id='par_1_7' title="bbox 705 4124 1089 4222">
     <span class='ocr_line' id='line_1_26' title="bbox 705 4124 1089 4222; baseline 0 -24"><span class='ocrx_word' id='word_1_208' title='bbox 705 4126 785 4200; x_wconf 85' lang='lat' dir='ltr'>LV.</span> <span class='ocrx_word' id='word_1_209' title='bbox 813 4126 871 4200; x_wconf 90' lang='lat' dir='ltr'>De</span> <span class='ocrx_word' id='word_1_210' title='bbox 888 4124 1063 4222; x_wconf 87' lang='lat' dir='ltr'>baptismo</span> <span class='ocrx_word' id='word_1_211' title='bbox 1081 4169 1089 4185; x_wconf 92' lang='lat'><strong>·</strong></span> 
     </span>
    </p>
   </div>
   <div class='ocr_carea' id='block_1_8' title="bbox 225 4349 1566 4674">
    <p class='ocr_par' dir='ltr' id='par_1_8' title="bbox 225 4349 1566 4674">
     <span class='ocr_line' id='line_1_27' title="bbox 226 4349 1566 4450; baseline 0 -22"><span class='ocrx_word' id='word_1_212' title='bbox 226 4356 407 4442; x_wconf 87' lang='lat' dir='ltr'>Quoniam</span> <span class='ocrx_word' id='word_1_213' title='bbox 422 4350 619 4450; x_wconf 89' lang='lat' dir='ltr'>baptismus</span> <span class='ocrx_word' id='word_1_214' title='bbox 636 4353 751 4446; x_wconf 87' lang='lat' dir='ltr'>prima</span> <span class='ocrx_word' id='word_1_215' title='bbox 768 4351 892 4424; x_wconf 91' lang='lat' dir='ltr'>tabula</span> <span class='ocrx_word' id='word_1_216' title='bbox 904 4349 957 4424; x_wconf 93' lang='lat' dir='ltr'>est</span> <span class='ocrx_word' id='word_1_217' title='bbox 974 4349 1053 4447; x_wconf 90' lang='lat' dir='ltr'>post</span> <span class='ocrx_word' id='word_1_218' title='bbox 1071 4351 1295 4448; x_wconf 82' lang='lat' dir='ltr'>naufragium</span> <span class='ocrx_word' id='word_1_219' title='bbox 1312 4361 1351 4424; x_wconf 90' lang='lat' dir='ltr'>et</span> <span class='ocrx_word' id='word_1_220' title='bbox 1367 4376 1498 4450; x_wconf 80' lang='lat' dir='ltr'>magna</span> <span class='ocrx_word' id='word_1_221' title='bbox 1514 4353 1566 4428; x_wconf 89' lang='lat' dir='ltr'>est</span> 
     </span>
     <span class='ocr_line' id='line_1_28' title="bbox 226 4459 1566 4557; baseline 0.001 -16"><span class='ocrx_word' id='word_1_222' title='bbox 226 4471 339 4542; x_wconf 83' lang='lat' dir='ltr'>virtus</span> <span class='ocrx_word' id='word_1_223' title='bbox 356 4477 395 4540; x_wconf 88' lang='lat' dir='ltr'>et</span> <span class='ocrx_word' id='word_1_224' title='bbox 413 4467 570 4540; x_wconf 87' lang='lat' dir='ltr'>efficacia</span> <span class='ocrx_word' id='word_1_225' title='bbox 586 4466 692 4536; x_wconf 90' lang='lat' dir='ltr'>huius</span> <span class='ocrx_word' id='word_1_226' title='bbox 710 4463 922 4538; x_wconf 88' lang='lat' dir='ltr'>sacramenti</span> <span class='ocrx_word' id='word_1_227' title='bbox 940 4485 1024 4536; x_wconf 89' lang='lat' dir='ltr'>cum</span> <span class='ocrx_word' id='word_1_228' title='bbox 1040 4463 1087 4535; x_wconf 89' lang='lat' dir='ltr'>ab</span> <span class='ocrx_word' id='word_1_229' title='bbox 1103 4459 1178 4557; x_wconf 91' lang='lat' dir='ltr'>ipsc</span> <span class='ocrx_word' id='word_1_230' title='bbox 1196 4462 1277 4534; x_wconf 89' lang='lat' dir='ltr'>Deo</span> <span class='ocrx_word' id='word_1_231' title='bbox 1297 4461 1504 4540; x_wconf 89' lang='lat' dir='ltr'>institutum</span> <span class='ocrx_word' id='word_1_232' title='bbox 1521 4466 1566 4542; x_wconf 87' lang='lat' dir='ltr'>srt</span> 
     </span>
     <span class='ocr_line' id='line_1_29' title="bbox 225 4572 1566 4674; baseline -0.001 -18"><span class='ocrx_word' id='word_1_233' title='bbox 225 4593 264 4656; x_wconf 81' lang='lat' dir='ltr'>et</span> <span class='ocrx_word' id='word_1_234' title='bbox 281 4581 359 4654; x_wconf 89' lang='lat' dir='ltr'>eius</span> <span class='ocrx_word' id='word_1_235' title='bbox 377 4577 548 4674; x_wconf 79' lang='lat' dir='ltr'>sanguine</span> <span class='ocrx_word' id='word_1_236' title='bbox 570 4577 792 4650; x_wconf 75' lang='lat' dir='ltr'>rubrIcatum</span> <span class='ocrx_word' id='word_1_237' title='bbox 818 4575 1035 4671; x_wconf 87' lang='lat' dir='ltr'>precipimus</span> <span class='ocrx_word' id='word_1_238' title='bbox 1052 4585 1092 4647; x_wconf 84' lang='lat' dir='ltr'>rt</span> <span class='ocrx_word' id='word_1_239' title='bbox 1108 4575 1178 4647; x_wconf 90' lang='lat' dir='ltr'>hoc</span> <span class='ocrx_word' id='word_1_240' title='bbox 1193 4572 1455 4652; x_wconf 86' lang='lat' dir='ltr'>sacramentum</span> <span class='ocrx_word' id='word_1_241' title='bbox 1472 4581 1566 4654; x_wconf 87' lang='lat' dir='ltr'>cele-</span> 
     </span>
    </p>
   </div>
   <div class='ocr_carea' id='block_1_9' title="bbox 0 0 2030 5534">
    <p class='ocr_par' dir='ltr' id='par_1_9' title="bbox 0 0 2030 5534">
     <span class='ocr_line' id='line_1_30' title="bbox 0 0 2030 5534; baseline 0 4"><span class='ocrx_word' id='word_1_242' title='bbox 0 0 2030 5534; x_wconf 95' lang='lat' dir='ltr'> </span> 
     </span>
    </p>
   </div>
  </div>
 </body>
</html>
