4050 5534
281 641 289 656 '
446 669 515 733 112
960 654 1267 730 nncrsrnum
1632 659 1784 754 [secun

445 861 491 932 od
521 858 713 930 videndum
749 864 789 929 et
823 856 1043 928 audiendum
1077 851 1241 950 premissa
1272 855 1348 928 lieri
1381 855 1438 929 rel
1472 860 1518 930 ad
1552 857 1782 954 allegandum

445 969 586 1043 causam
604 993 713 1063 quare
730 993 814 1042 cnm
832 969 1062 1040 intimatione
1076 977 1116 1039 vt
1129 969 1239 1041 moris
1256 966 1309 1040 cst
1322 1009 1331 1026 ·
1343 993 1431 1062 quas
1448 971 1596 1064 quidem
1613 967 1784 1043 constitu·

446 1084 564 1154 tiones
577 1082 723 1154 decreta
735 1079 872 1154 statuta
887 1087 926 1152 et
943 1081 1187 1153 ordinationes
1199 1103 1263 1174 pro
1277 1082 1380 1154 nobis
1391 1091 1429 1155 et
1442 1079 1694 1155 successoribus
1707 1084 1784 1156 nos-

447 1197 512 1266 tris
523 1195 742 1267 ratificamus
752 1201 791 1264 et
808 1191 1046 1286 approbamus
1064 1201 1174 1285 atque
1190 1193 1236 1264 ad
1250 1195 1444 1266 earundem
1458 1195 1705 1268 inuiolabilem
1722 1197 1783 1268 ob-

445 1305 663 1380 seruantiam
685 1313 725 1377 et
742 1305 986 1377 omnimodam
1010 1299 1254 1378 defensionem
1274 1329 1340 1376 nos
1364 1329 1447 1376 cum
1469 1306 1605 1378 decano
1623 1315 1662 1380 et
1679 1331 1784 1380 cano·

447 1420 537 1491 niois
563 1417 712 1512 capituli
729 1413 839 1489 nostri
864 1417 1038 1518 anteditti
1063 1417 1154 1489 illud
1177 1439 1241 1512 pro
1267 1425 1430 1512 tempore
1455 1416 1783 1515 representuntibus

448 1533 662 1604 nominatim
680 1539 719 1601 et
736 1531 774 1601 in
791 1527 909 1624 specie
934 1526 1120 1622 subscripti
1147 1531 1374 1602 iureiurando
1391 1531 1436 1602 ad
1454 1531 1522 1602 hoo
1547 1533 1653 1604 uuis
1679 1530 1783 1604 sacris

448 1644 507 1716 dei
524 1641 721 1737 euangelijs
736 1664 779 1714 ac
795 1641 860 1713 sub
886 1643 990 1734 penis
1016 1663 1157 1712 camere
1176 1639 1369 1734 apostolice
1394 1638 1624 1715 astrinximus
1641 1653 1680 1716 ct
1697 1643 1785 1717 obli·

447 1759 611 1852 gauimus
628 1764 735 1850 pront
751 1755 878 1826 barum
896 1751 986 1824 serie
1007 1751 1235 1847 astringimus
1252 1763 1290 1824 et
1307 1755 1344 1824 in
1362 1756 1477 1827 forma
1492 1757 1580 1828 iuris
1598 1752 1785 1830 arttiffima

448 1870 649 1964 obligamus
661 1911 669 1927 ·
681 1866 726 1938 In
738 1887 890 1958 quorum
903 1867 1066 1936 omniurn
1081 1875 1119 1936 et
1131 1858 1350 1960 singulorum
1363 1867 1471 1938 fidem
1489 1877 1527 1938 et
1540 1863 1785 1940 testimoninm

449 1978 694 2076 premissorum
718 1973 874 2073 sigillum
896 1973 1057 2048 nostrum
1083 1979 1325 2050 auttentieum
1352 2001 1423 2050 rna
1445 2001 1529 2050 cum
1552 1976 1667 2075 sigillo
1690 2005 1788 2054 com-

449 2096 551 2166 muni
580 2093 708 2186 prefati
739 2087 848 2161 nostri
887 2091 1035 2183 capituli
1063 2089 1287 2183 presentibus
1317 2087 1400 2162 sunt
1427 2089 1583 2185 appensa
1609 2115 1680 2166 rna
1702 2117 1787 2166 cum

449 2207 578 2300 notarij
608 2203 743 2298 publici
778 2227 820 2274 ao
848 2199 962 2273 scribe
994 2202 1144 2295 capituli
1179 2199 1288 2273 nostri
1321 2201 1578 2298 subscriptione
1611 2205 1788 2278 roboretis

450 2321 545 2416 apud
569 2320 714 2390 domum
744 2313 980 2408 capitularem
1007 2315 1101 2386 uiue
1128 2310 1248 2386 nostre
1271 2311 1420 2388 ecclesre
1444 2315 1704 2389 decimosexto
1726 2319 1789 2390 die

449 2427 580 2504 mensis
598 2427 782 2518 Februarij
800 2449 895 2498 anno
914 2426 1062 2498 Domini
1080 2421 1269 2498 millefimo
1293 2424 1579 2521 quingentesimo
1605 2426 1791 2524 trigesimo

449 2543 600 2639 septimo
613 2537 838 2635 presentibus
855 2535 1032 2633 magistris
1048 2537 1216 2610 Jobanne
1233 2537 1429 2634 Kynoragy
1453 2577 1462 2596 ·
1487 2539 1656 2614 Jobanne
1679 2542 1793 2616 Chal-

450 2679 528 2726 mer
545 2695 553 2712 ·
572 2653 718 2724 domino
732 2649 922 2721 Willelmo
940 2651 1116 2744 Myrtoun
1136 2691 1144 2708 ·
1164 2661 1203 2723 et
1219 2649 1357 2723 Jacobo
1375 2652 1574 2724 Swentoun
1593 2653 1793 2747 capellanis

450 2778 489 2840 et
513 2765 683 2862 magistro
709 2762 905 2836 Laurentio
930 2762 1059 2856 Cheyn'
1083 2765 1222 2835 notario
1247 2763 1392 2857 publico
1420 2805 1429 2821 ·
1461 2775 1499 2836 et
1520 2766 1603 2838 talis
1626 2769 1794 2859 sequitur

451 2877 662 2974 subscriptio
680 2932 689 2949 .
967 2873 1212 2948 Wrnnnnuus
1230 2873 1425 2969 Episcopus
1442 2873 1709 2950 Aberdonenfis
1727 2920 1736 2936 ·

599 3103 758 3176 Jacobus
774 3099 970 3194 Kyneragy
989 3099 1146 3172 decanus
1163 3097 1421 3173 Abirdonensrs
1440 3143 1447 3158 ·
1560 3115 1565 3130 ’

598 3213 720 3286 Dauid
737 3209 978 3283 Discbintoun
995 3221 1123 3282 cantor
1139 3209 1399 3285 Abirdonensrs
1417 3253 1425 3270 ·

598 3321 784 3393 lohannes
801 3317 905 3411 Reyd
923 3317 1156 3392 cancellarius
1174 3321 1457 3398 Abirdoncnsrs·

600 3432 778 3527 Georgius
795 3427 990 3502 Marschell
1008 3429 1249 3508 thesaurarius
1267 3432 1524 3510 Abirdonensrs
1544 3479 1549 3490 ·

601 3545 778 3617 Patricius
796 3542 973 3636 Myrtoun
991 3543 1260 3619 archidiaconus
1278 3589 1286 3606 ·

598 3657 757 3730 lacobus
774 3653 952 3726 Wawane
969 3653 1015 3723 de
1033 3653 1138 3751 Oyne
1155 3701 1163 3718 .

515 3782 519 3790 '
601 3769 812 3841 Alexander
829 3763 977 3858 Spittell
995 3765 1041 3836 de
1059 3760 1160 3832 Clatt
1178 3799 1186 3818 ·

601 3880 761 3954 Jacobus
778 3878 952 3951 Gordoun
970 3876 1016 3947 de
1035 3875 1228 3965 Lunmey·

602 3993 801 4066 Duncanus
817 3989 976 4060 Burnett
992 3989 1038 4059 de
1056 3983 1220 4057 Methlik
1238 4024 1247 4042 ·

599 4104 811 4177 Willelmus
828 4099 955 4173 Cavell
972 4099 1018 4171 de
1039 4094 1260 4192 Tulynestyn
1278 4137 1286 4156 ·

599 4216 813 4290 Alexander
829 4210 1015 4304 Galloway
1033 4212 1078 4282 de
1095 4209 1250 4282 Kinkell
1268 4249 1277 4266 ·

602 4329 784 4402 Henricus
803 4319 952 4416 Forsyth
971 4323 1017 4395 de
1035 4319 1283 4416 Monymullr·

601 4440 814 4514 Alexander
829 4435 916 4530 Kyd
933 4433 1123 4509 succentor
1139 4477 1147 4494 ·

598 4554 757 4628 lacobus
775 4545 964 4645 Lyndesay
980 4549 1174 4622 canonicus
1192 4544 1476 4624 Abirdcnensrs·
