4050 5534
455 656 525 725 roe
982 638 1288 715 nucrsnuuu
1636 636 1789 733 [seem

452 854 663 924 deauratum
674 851 711 921 in
723 870 793 941 quo
805 846 1013 919 continetur
1022 864 1152 938 ymago
1162 837 1273 915 saneti
1279 838 1408 915 Olaui·
1423 839 1521 915 Item
1532 843 1604 915 duo
1614 842 1790 918 cristalla·

452 964 548 1035 Item
561 984 670 1033 vnum
676 959 795 1055 jocale
806 952 1018 1032 eucharistie
1029 954 1074 1028 de
1087 964 1237 1049 argento
1250 952 1791 1031 deauratumadmodumeustri

454 1098 536 1146 eum
553 1072 681 1145 berillo
699 1072 824 1145 datum
849 1091 915 1165 per
930 1068 1117 1140 dominnm
1135 1064 1337 1138 Henricum
1353 1064 1559 1161 episcopum
1588 1068 1792 1143 Lichtoune

453 1190 490 1259 in
509 1188 611 1257 cuiue
626 1182 834 1255 summitate
853 1181 1001 1275 ponitur
1025 1200 1155 1274 ymago
1172 1178 1336 1251 crucifixi
1352 1200 1437 1250 cum
1461 1183 1631 1277 ymagine
1647 1183 1794 1277 pietatis

346 1357 348 1359 .
455 1295 653 1391 prescripta
678 1295 764 1368 data
779 1315 844 1388 per
860 1292 1047 1364 dominum
1063 1290 1270 1363 Iohannem
1292 1286 1437 1363 Frostar
1460 1332 1469 1349 ·
1501 1332 1510 1349 ·
1541 1333 1549 1350 ·
1577 1292 1629 1365 Et
1646 1295 1685 1365 in
1702 1292 1796 1366 sum·

455 1413 584 1481 mitate
601 1408 694 1479 diue
707 1400 918 1478 eucharistie
930 1403 1110 1497 frangitur
1119 1424 1190 1475 rna
1205 1402 1308 1496 petia
1324 1426 1396 1497 que
1408 1398 1464 1475 est
1475 1406 1513 1475 in
1526 1402 1690 1480 custodia
1701 1405 1796 1479 thes-

456 1522 595 1593 aurarie
627 1558 635 1577 ·
657 1517 755 1590 Item
779 1540 892 1588 vnum
917 1538 989 1609 pax
1014 1515 1104 1587 bred
1128 1514 1175 1586 de
1191 1524 1343 1610 argento
1366 1515 1539 1590 deaurato
1555 1540 1639 1590 cum
1658 1522 1795 1614 ymagi-

456 1634 563 1705 nibus
574 1632 736 1705 crucifixi
747 1632 854 1704 beate
864 1630 1013 1724 virginis
1026 1638 1066 1700 et
1076 1624 1190 1700 sandi
1202 1626 1380 1699 Iohannis
1393 1626 1520 1701 datum
1529 1652 1595 1724 per
1607 1631 1795 1703 dominum

455 1744 631 1817 'Phomam
642 1741 847 1838 episcopum
856 1736 1178 1814 Abberdonensem
1191 1778 1200 1795 ·
1214 1738 1313 1811 Item
1324 1739 1397 1811 duo
1408 1740 1624 1815 candelabra
1633 1740 1796 1837 superius

456 1864 646 1951 argentata
671 1876 736 1947 per
761 1854 896 1925 ditium
919 1852 1107 1923 dominum
1132 1848 1337 1945 episcopum
1363 1890 1372 1907 ·
1401 1849 1497 1922 Item
1517 1875 1588 1926 vna
1612 1853 1732 1948 peluis
1753 1856 1798 1925 de

457 1976 607 2065 argento
618 1988 702 2039 cum
712 1965 857 2037 lauacro
868 1963 953 2036 data
963 1986 1027 2058 per
1040 1964 1226 2065 dominum
1237 1960 1444 2035 Gilbertum
1459 1962 1664 2059 episcopum
1677 2002 1687 2023 ·
1700 1964 1798 2037 Item

458 2082 528 2151 due
539 2078 665 2173 peluee
673 2078 875 2171 deargento
884 2096 949 2169 pro
960 2074 1628 2169 lotioneincircumferencijedeaurate
1640 2078 1726 2151 date
1737 2102 1800 2172 per

458 2194 644 2264 domiuum
659 2188 864 2283 episcopum
875 2186 1079 2260 Henricum
1096 2182 1418 2259 Abberdoneusem
1435 2211 1519 2259 cum
1536 2186 1798 2285 subscriptione

457 2305 655 2398 incipiente
681 2298 887 2373 Heruucue
906 2320 972 2371 ner
1000 2318 1241 2373 euremaro.
1267 2318 1379 2370 encra
1395 2319 1450 2371 ua
1475 2320 1581 2373 eruar
1599 2322 1705 2373 nuuc
1734 2324 1801 2374 no

459 2437 549 2488 nuru
580 2432 787 2487 uranesnuo
813 2431 1211 2492 ouanarucmruneruo
1236 2430 1441 2484 rurcumuo
1467 2432 1608 2486 nancto
1634 2434 1683 2484 un
1713 2436 1802 2493 our-

444 2548 619 2607 ,cuuouu
645 2546 714 2597 uos
734 2544 995 2597 Inueniuntur
1021 2544 1070 2595 na
1087 2543 1170 2596 reno
1196 2542 1334 2595 aarum
1352 2542 1400 2594 aa
1426 2545 1450 2595 a
1475 2544 1620 2597 noerae
1647 2545 1801 2599 nomme

460 2662 518 2712 srr
537 2657 701 2711 amenus
719 2658 739 2707 a
759 2656 889 2709 annuo
908 2656 973 2709 ner
993 2676 1001 2693 ·
1022 2634 1118 2707 Item
1136 2658 1248 2707 vuum
1265 2658 1417 2730 paruum
1434 2636 1575 2709 coclear
1590 2638 1801 2734 deargento

460 2755 586 2824 datum
612 2773 676 2844 per
700 2748 876 2821 'l'homam
901 2747 989 2821 Prat
1005 2746 1220 2843 burgensem
1245 2748 1291 2818 de
1308 2745 1503 2820 Aberdene
1529 2788 1538 2808 ·
1564 2747 1662 2820 Item
1688 2773 1801 2821 vnum

460 2862 687 2936 thuribulum
713 2868 926 2956 argenteum
944 2898 952 2921 ·
972 2859 1069 2931 Item
1087 2882 1199 2931 vnum
1224 2880 1398 2954 magnum
1422 2859 1649 2932 thuribulum
1674 2886 1803 2957 argen-

461 2988 562 3047 teum
580 2996 644 3068 per
660 2973 847 3044 dominum
864 2970 1066 3045 Henrlcum
1084 2968 1290 3065 episcopum
1314 2970 1442 3044 datum
1459 2974 1506 3044 de
1522 2995 1595 3066 quo
1611 2971 1697 3045 sunt
1713 2998 1803 3067 qua-

461 3100 545 3159 tuor
572 3096 690 3157 turres
728 3085 840 3156 fraite
870 3094 908 3155 et
936 3081 1021 3157 sunt
1049 3084 1088 3154 iu
1124 3079 1285 3156 custodia
1316 3079 1533 3157 thesaurarie
1562 3122 1571 3139 ·
1597 3083 1696 3157 Item
1731 3086 1803 3159 dne

462 3202 571 3271 mitre
596 3218 747 3290 quarum
765 3216 836 3268 vna
860 3194 1018 3289 preciosa
1034 3207 1073 3268 et
1090 3196 1286 3267 reformata
1310 3206 1350 3267 et
1372 3195 1508 3289 lapidee
1533 3194 1617 3268 sunt
1642 3194 1803 3270 restituti

462 3336 527 3407 per
577 3310 763 3379 dominum
816 3306 1048 3379 Willelmum
1092 3304 1298 3402 episcopum
1347 3309 1561 3381 modernum
1608 3309 1805 3383 deficiente

463 3447 534 3494 vno
560 3422 606 3492 de
630 3420 832 3514 pauonibue
856 3415 1039 3492 reseruato
1064 3421 1102 3491 in
1126 3418 1209 3492 alba
1233 3420 1357 3513 pixide
1374 3429 1415 3490 rt
1440 3423 1650 3493 continetur
1670 3423 1708 3494 in
1734 3424 1804 3495 hoc

382 3610 392 3631 N
463 3537 555 3608 libro
573 3532 710 3604 infolio
728 3531 918 3603 intitulato
936 3532 981 3603 de
998 3534 1129 3605 mitra·
1148 3529 1246 3603 Item
1264 3532 1337 3602 due
1353 3533 1545 3626 cyrothece
1561 3556 1646 3605 cum
1663 3534 1805 3607 duobus

463 3644 637 3719 iocalibue
662 3681 670 3698 ·
697 3640 794 3714 Item
829 3641 949 3714 baculi
975 3639 1169 3737 pastorales
1191 3645 1238 3715 de
1262 3654 1413 3739 argento
1438 3666 1591 3737 quorum
1621 3668 1713 3718 anuo
1740 3671 1806 3741 per

464 3744 583 3830 totum
599 3751 652 3827 est
670 3754 864 3826 deauratus
883 3764 920 3825 et
933 3754 1026 3827 alius
1043 3756 1284 3828 deauratuein
1297 3757 1417 3850 capite
1434 3766 1578 3830 tantum
1592 3799 1601 3816 ·
1616 3757 1713 3830 Item
1732 3762 1806 3831 duo

463 3880 591 3942 textus
607 3856 904 3961 ewangeliorum
939 3889 1031 3940 vnue
1074 3868 1119 3940 de
1152 3878 1303 3963 argento
1345 3868 1518 3941 deaurato
1556 3878 1595 3942 et
1632 3870 1725 3943 alius
1759 3874 1806 3943 de

465 3980 644 4054 auricalco
673 3999 826 4070 quorum
861 4000 952 4049 unus
989 3988 1090 4053 caret
1121 3982 1290 4075 ymagine
1324 3980 1433 4053 beate
1463 3980 1584 4053 Marie
1620 3982 1806 4077 virginise

466 4094 563 4165 Item
597 4092 756 4185 quinque
786 4087 921 4164 screnia
955 4112 1087 4189 magna
1123 4115 1189 4185 pro
1221 4092 1323 4164 libris
1352 4132 1362 4149 ·
1397 4091 1494 4164 Item
1529 4104 1685 4187 quatuor
1723 4093 1807 4169 liste

466 4206 622 4276 rotunde
646 4240 656 4257 ·
683 4202 780 4274 Item
807 4199 868 4272 sex
888 4213 1016 4298 cagete
1032 4223 1104 4277 vna
1119 4201 1219 4277 abest
1236 4227 1302 4298 per
1320 4204 1571 4301 Iynningame
1587 4206 1810 4281 archidiaco-

466 4340 553 4389 num
585 4326 623 4388 et
653 4316 744 4387 alius
774 4310 854 4408 post
877 4316 1018 4387 obitum
1045 4315 1247 4388 Alexandri
1269 4318 1447 4409 quondam
1475 4319 1625 4390 rectoris
1648 4319 1694 4390 de
1719 4319 1811 4391 For-

465 4432 530 4500 bee
564 4469 572 4487 ·
611 4427 708 4499 Item
743 4448 854 4498 vnum
885 4450 1056 4523 magnum
1087 4429 1247 4500 lettrorn
1280 4451 1362 4500 cum
1396 4438 1552 4521 quatuor
1584 4429 1812 4505 candelabris

466 4543 558 4613 ereis
576 4542 681 4611 iuxta
696 4560 871 4633 magnum
889 4539 1002 4611 altare
1020 4540 1145 4613 datum
1164 4564 1228 4634 per
1244 4540 1432 4611 dominum
1443 4539 1700 4640 'Alexandrum
1718 4543 1812 4636 epis-
