4050 5534
242 646 355 744 xus]
706 647 1112 726 runnoormnsn.
1511 655 1586 729 oro

242 850 417 922 memorie
433 850 616 944 quondum
632 848 846 946 Bodulphus
861 848 1046 946 episeopus
1062 844 1330 924 Aberdonenfis
1347 849 1393 922 de
1409 845 1581 922 consensu

241 972 281 1034 et
298 956 435 1035 offensu
453 962 604 1056 capituli
620 958 770 1036 eoolelie
786 959 1055 1040 Aberdonenfis
1066 963 1155 1036 feeit
1169 963 1308 1036 intuitu
1321 962 1481 1035 onritetis
1498 960 1579 1034 Deo

242 1083 281 1147 et
298 1075 406 1148 bento
424 1074 545 1148 Murio
561 1083 600 1147 et
618 1076 787 1149 frutribus
804 1077 936 1150 militie
951 1075 1082 1170 templi
1099 1073 1303 1148 Solomonis
1320 1074 1366 1146 de
1378 1071 1580 1146 Jerusalem

241 1186 289 1260 de
304 1183 455 1260 eooleliu
470 1188 517 1260 de
534 1185 686 1282 Obeyue
711 1211 796 1260 oum
820 1188 968 1283 capellis
984 1189 1091 1261 terris
1106 1188 1257 1262 decimis
1274 1185 1516 1260 oblationibus
1541 1192 1580 1257 et

242 1301 374 1372 ceteris
400 1299 567 1375 omnibus
593 1300 824 1395 pertinentijs
847 1297 920 1374 suis
940 1298 1155 1374 ·Tenendes
1178 1308 1217 1372 et
1242 1297 1425 1372 habendus
1447 1293 1580 1370 eisdem

241 1409 412 1483 frutribus
438 1412 501 1504 qui
525 1433 590 1504 pro
615 1419 779 1506 tempore
803 1412 939 1486 firerint
965 1413 1004 1483 in
1029 1414 1190 1507 proprios
1213 1407 1294 1482 usus
1309 1410 1348 1482 in
1363 1417 1581 1504 perpetuum

242 1522 291 1594 de
305 1523 410 1594 nobis
427 1532 466 1595 et
482 1522 675 1596 heredibus
690 1520 820 1598 nostris
831 1520 1028 1597 seeundum
1041 1524 1137 1618 qnod
1152 1525 1192 1596 in
1207 1517 1455 1605 instrumentis
1472 1519 1580 1593 onrtis
1641 1575 1648 1586 .

242 1644 282 1707 et
299 1636 536 1708 munimentis
553 1635 730 1708 dittornm
747 1644 787 1710 et
803 1635 954 1731 eupituli
980 1633 1114 1708 eisdem
1138 1634 1309 1708 frutribus
1336 1633 1469 1706 exinde
1496 1655 1581 1704 oon·

242 1746 347 1820 settis
363 1746 506 1841 plenius
530 1749 741 1821 continetur
761 1745 860 1822 soluo
875 1758 1051 1844 perpetuo
1065 1749 1197 1821 rieurio
1213 1770 1279 1842 per
1295 1744 1439 1819 eosdem
1451 1745 1580 1817 frutres

240 1855 449 1951 presentato
461 1859 586 1932 debito
597 1868 636 1932 et
649 1857 820 1933 consuete
829 1861 996 1955 portione
1005 1858 1070 1933 suo
1081 1861 1119 1932 in
1136 1857 1212 1956 ipso
1224 1855 1395 1932 eoeleste·
1408 1856 1580 1930 Rutilios-

242 1991 325 2042 mus
342 1971 452 2042 etium
468 1968 773 2064 presentationem
788 1995 853 2067 per
868 1973 1046 2067 predidtos
1061 1973 1190 2046 fratres
1201 1972 1333 2045 fedam
1350 1970 1396 2042 de
1411 1967 1437 2040 J
1438 1969 1579 2042 ohenne

242 2081 289 2154 de
306 2080 478 2155 Auondio
493 2080 682 2176 capellano
698 2079 818 2157 nostro
834 2085 880 2157 ed
897 2085 1066 2158 neumam
1085 2086 1178 2158 use
1199 2079 1348 2158 eoolelie
1364 2082 1411 2155 de
1427 2077 1579 2176 Obeyne

242 2196 406 2266 vacantis
430 2194 475 2266 de
500 2193 588 2268 iure
603 2202 642 2267 et
665 2195 713 2267 de
735 2197 829 2268 letto
844 2233 854 2255 ·
872 2196 1101 2292 Quapropter
1124 2195 1274 2291 plenum
1299 2197 1356 2266 ius
1380 2201 1579 2266 memorate

241 2301 393 2380 eoolefie
406 2305 451 2378 de
462 2304 615 2400 Obeyne
630 2327 715 2379 oum
731 2308 898 2381 omnibus
913 2306 986 2380 suis
1002 2309 1140 2381 iuribus
1153 2315 1192 2381 et
1208 2304 1438 2402 pertinentijs
1447 2300 1580 2378 eisdem

241 2419 412 2492 frutribus
436 2418 657 2492 contulimus
682 2428 722 2494 et
747 2417 1039 2494 oonsemouimus
1063 2421 1318 2516 inperpetuum
1343 2416 1483 2490 intuitu
1507 2440 1584 2490 our·

241 2531 344 2604 itatis
357 2570 367 2589 ·
379 2527 549 2603 'festibus
559 2529 771 2604 Alexandro
781 2531 922 2629 Oomyn
934 2534 1068 2606 oomite
1078 2533 1125 2605 de
1135 2529 1308 2605 Buohoue
1319 2525 1581 2601 eonstebulerio

243 2639 369 2714 Sootie
383 2639 564 2737 -Hugone
574 2642 621 2715 de
633 2641 841 2740 Abirnethy
851 2685 860 2703 ·
872 2645 993 2718 Dauid
1005 2646 1052 2718 de
1062 2643 1226 2718 laoohore
1238 2684 1247 2703 ·
1261 2642 1419 2738 Symone
1436 2637 1579 2714 Frnser·

243 2760 283 2826 et
295 2751 490 2826 Willelmo
502 2754 549 2827 de
565 2753 699 2829 Sontto
716 2754 824 2830 Oluro
841 2797 850 2815 ·
867 2755 980 2853 Apud
994 2757 1121 2830 Ilorfor
1132 2756 1362 2851 quindeoimo
1373 2752 1432 2825 die
1443 2749 1582 2847 Aprilis

242 2888 339 2939 enno
354 2867 458 2962 regni
475 2864 586 2940 nostri
599 2863 767 2940 vioefimo
783 2870 910 2943 ottouo
926 2911 935 2928 ·

244 3186 405 3372 Doputio
430 3189 544 3373 Alpni
569 3185 718 3288 Ostiorij
743 3191 855 3286 petris
878 3190 1047 3289 hospitali
1072 3194 1223 3270 undaro
1239 3198 1336 3294 opud
1359 3195 1579 3298 Kynosrdyn

244 3323 313 3375 one
328 3323 350 3374 e
366 3323 478 3375 conoe
505 3326 528 3375 o
544 3341 553 3359 ·

247 3495 445 3603 Omnibus
469 3523 602 3599 Christi
626 3525 793 3601 fidelibus
816 3525 961 3624 presens
985 3530 1159 3628 seriptum
1182 3527 1308 3606 visuris
1324 3534 1383 3609 vel
1407 3535 1583 3612 audituris

246 3638 390 3712 Alunns
404 3633 594 3711 hostiarius
610 3634 825 3714 iustieinrius
849 3638 974 3718 Sootie
997 3641 1151 3718 blutem
1175 3651 1338 3720 eternam
1354 3647 1393 3722 in
1409 3649 1556 3724 domino
1572 3692 1582 3709 ·

247 3749 407 3824 Nouerit
435 3745 647 3823 uniuerfitos
679 3748 798 3825 vestro
828 3776 896 3827 uos
928 3752 1061 3830 dediffe
1089 3751 1291 3830 eonoeffille
1320 3760 1456 3835 etheo
1485 3771 1584 3838 cortu

247 3859 370 3936 nostre
383 3856 605 3936 confirmelle
627 3859 709 3936 Deo
726 3871 766 3937 et
781 3862 890 3939 boote
915 3865 1037 3942 Murie
1052 3876 1093 3943 et
1107 3865 1278 3942 frutribus
1303 3868 1487 3966 hospitalis
1503 3873 1586 3948 fun·

248 3977 324 4050 dnti
349 3999 373 4048 o
394 3974 501 4064 nobis
533 3975 629 4068 opud
655 3972 876 4074 Kynourdyn
902 3979 1009 4054 onele
1033 3981 1123 4053 dues
1148 3979 1326 4054 duuuohes
1351 3991 1447 4058 terre
1471 4007 1585 4059 unum

248 4087 345 4182 quod
378 4094 529 4180 vocetur
555 4086 739 4182 Sudluyth
763 4096 802 4162 et
830 4090 930 4164 uliud
956 4093 1053 4187 quod
1083 4101 1233 4166 vooutur
1257 4091 1585 4192 Kynourdynouele

248 4221 333 4272 oum
357 4198 498 4272 duobus
516 4199 623 4272 terris
644 4199 740 4273 infru
762 4198 881 4296 ipsum
902 4205 1042 4292 deunolr
1066 4205 1112 4278 de
1134 4202 1442 4302 Kynourdynonel
1468 4211 1587 4285 ineen-

249 4309 349 4384 tibus
375 4309 549 4384 uidelicet
576 4309 799 4384 Pothkellok
832 4324 876 4388 et
904 4313 1100 4414 Gnrssogsy
1123 4339 1189 4412 per
1211 4315 1327 4392 redes
1352 4317 1481 4395 diuisus
1506 4320 1587 4398 sues

250 4444 370 4497 eorem
386 4421 491 4495 nobis
507 4431 547 4495 et
563 4422 643 4518 ulijs
667 4425 788 4518 probis
813 4427 899 4501 viris
923 4427 1190 4524 perambulotoo
1214 4467 1224 4488 ·
1250 4425 1312 4503 Ite
1335 4428 1473 4507 seilicet
1495 4429 1588 4509 fiout

251 4533 390 4608 boutor
415 4530 600 4608 descendit
621 4536 661 4610 in
678 4533 760 4612 Dee
774 4548 815 4614 et
830 4540 885 4615 ito
906 4562 973 4636 per
998 4539 1138 4616 Lontor
1159 4537 1384 4616 uloendendo
1409 4542 1519 4642 usque
1542 4548 1589 4624 nd

301 4664 384 4721 vor..
402 4665 444 4719 11.
895 4658 966 4726 terr
