4050 5534
952 653 1353 730 KALENDARIUM

767 997 962 1046 noui-:mn
976 995 1096 1044 mnu
1110 996 1189 1045 mm
1204 999 1279 1043 xxx.
1323 995 1420 1043 nunu
1434 977 1522 1044 xxix.

277 1203 283 1216 '
328 1197 404 1258 lunio

149 1203 451 1355 tmdilssdmuxu.
572 1293 594 1354 d
637 1307 718 1354 m.
733 1305 815 1355 κον.
846 1283 1000 1353 Omnium
1017 1283 1206 1352 Sanctorum
1221 1333 1230 1350 .
1244 1287 1346 1350 maius
1360 1285 1486 1374 duplex.

465 1405 518 1492 xiij
573 1427 589 1468 e
635 1401 678 1490 iiij
694 1399 781 1467 Nou.
851 1397 1117 1466 commemoratio
1130 1395 1272 1463 fidelium
1288 1447 1296 1462 .
1311 1398 1345 1463 ix
1358 1397 1537 1464 lectionum.

465 1519 485 1603 ij
567 1517 594 1603 s
635 1514 668 1602 iij
684 1512 771 1578 Nou.
847 1509 936 1598 Buye
949 1521 982 1574 et
995 1509 1111 1576 Maure
1125 1509 1305 1598 virginum.
1320 1511 1353 1574 ix
1364 1509 1436 1576 leot.
1450 1509 1597 1600 Englneij
1607 1511 1748 1578 abbatis.
1763 1515 1796 1578 ix

894 1621 965 1688 lect.

572 1765 593 1827 9
635 1737 715 1827 prid.
728 1736 815 1803 Non.

466 1879 486 1919 x
573 1857 602 1916 A
634 1868 747 1916 nomo.

571 1968 589 2030 b
632 1962 685 2051 viij
702 1961 751 2028 Id.
846 1957 1007 2025 Leouardi
1022 1956 1144 2024 abbatie
1159 2006 1167 2023 .
1182 1959 1216 2024 ix
1230 1957 1301 2024 leet.
1317 1957 1493 2024 Wilbroidi
1506 1959 1641 2048 episcopi
1658 2010 1665 2025 .
1681 1959 1800 2028 ixlect.

463 2079 538 2166 xviij
570 2103 585 2143 c
634 2076 674 2163 vij
686 2074 737 2141 Id.

462 2193 503 2278 vij
569 2189 660 2275 dvj
677 2186 727 2254 Id.
847 2184 970 2251 Momci
985 2183 1121 2272 episcopi
1137 2232 1145 2246 .
1161 2183 1194 2246 ix
1208 2181 1280 2247 leot.
1296 2181 1448 2270 Gemedij
1465 2183 1646 2250 oonieoeoiio
1666 2187 1699 2250 ix
1713 2185 1784 2252 leet.

571 2327 586 2368 e
632 2298 713 2365 vId.
848 2295 1005 2362 Tbeodori
1020 2293 1236 2382 mmtyrie.iij
1252 2291 1324 2359 lect.

464 2391 527 2477 xiiij
562 2391 590 2476 f
630 2387 674 2475 iiij
691 2386 741 2451 Id.

463 2505 505 2588 iiij
569 2527 590 2588 9
632 2501 664 2588 iij
681 2498 730 2564 Id.
844 2495 978 2563 Martini
993 2493 1128 2582 episeopi
1144 2541 1152 2559 .
1167 2491 1297 2558 iuiexim
1311 2492 1437 2582 duplex.
1479 2495 1541 2565 ΙΙΙ
1556 2493 1775 2566 munitum.

574 2615 603 2676 A
637 2611 716 2701 prid.
728 2609 777 2676 Id.
844 2607 998 2695 Muohuuij
1016 2607 1151 2695 episcopi
1174 2655 1183 2672 .
1204 2605 1309 2672 minuo
1324 2604 1464 2693 duplex.
1483 2603 1600 2670 Leuini
1614 2603 1749 2690 epiuoopi
1769 2617 1805 2666 et

895 2720 1043 2808 martyrio
1057 2721 1090 2784 ix
1104 2718 1177 2784 lect.

467 2840 509 2927 xij
574 2841 591 2902 b
635 2853 764 2901 minue.
854 2833 949 2920 Brieij
963 2832 1098 2921 epieoopi
1112 2844 1145 2896 et
1158 2828 1341 2898 confessoris
1357 2829 1410 2894 ‚ix
1424 2825 1655 2894 lect.Deuinici
1670 2826 1807 2915 epiuoopi

897 2946 930 3010 ix
945 2945 1016 3010 leot.

463 3067 476 3152 j
574 3087 589 3128 c
638 3061 711 3149 xviij
728 3057 804 3126 Kal.
848 3057 982 3124 Modeni
996 3057 1131 3146 episcopi
1145 3066 1178 3122 et
1192 3054 1373 3121 eonfeesouiu
1389 3103 1397 3118 .
1411 3053 1446 3118 ix
1460 3053 1530 3118 leon

814 3605 1075 3654 mmmmm
1088 3606 1254 3654 funum
1270 3607 1307 3652 m
1321 3606 1487 3655 ECCIAESIA

470 3792 511 3878 xij
577 3793 604 3856 A
638 3788 658 3875 ij
676 3785 724 3851 Id.
812 3783 1077 3849 Auniuemurium
1096 3807 1154 3874 pro
1177 3785 1283 3850 uuimn
1303 3787 1445 3874 magistri
1465 3782 1630 3876 Laurentij
1646 3787 1820 3857 Duucaui.

858 3892 926 3978 Qui
941 3895 1018 3960 obiit
1032 3919 1115 3962 nuno
1127 3895 1258 3962 Domini
1274 3900 1367 3966 1478.

471 4017 523 4103 xiij
579 4017 596 4078 d
640 4009 750 4078 Idibus
810 4008 1076 4074 Auniuerserium
1090 4030 1147 4097 pro
1162 4007 1604 4076 animeWillelmiPuutoun.
1649 4009 1717 4094 Qui
1732 4015 1825 4082 obiit

857 4142 940 4186 auno
955 4118 1087 4185 Domini
1102 4123 1195 4189 1478.

816 4231 1082 4300 Auuiuerserium
1096 4234 1238 4324 magistri
1253 4233 1383 4300 Roberti
1398 4234 1507 4322 Wyee.
1553 4233 1619 4318 Qui
1633 4237 1711 4302 obiit
1727 4263 1828 4308 auno

858 4345 989 4412 Domini
1006 4347 1099 4416 1493.
1216 4351 1222 4368 “
