4050 5534
390 646 437 717 66
911 633 1220 708 REGISTRUM
1589 637 1746 734 [sacam

427 953 669 1024 Suamacom
690 986 698 1003 ·
794 943 1127 1040 Balborydeuenyk
1144 945 1183 1018 xl
1201 943 1305 1018 solidi
1323 987 1331 1004 ·

795 1056 882 1130 Clat
899 1056 938 1129 xl
956 1054 1061 1128 solidi
1080 1095 1088 1114 ·

794 1163 997 1263 Tulynestil
1013 1167 1054 1240 xl
1071 1165 1174 1241 solidi
1192 1207 1201 1225 ·

796 1279 934 1352 Forbea
950 1279 991 1351 xl
1008 1276 1112 1352 solidi
1131 1321 1139 1338 ·

796 1391 1046 1486 Innemoebty
1063 1391 1102 1463 xl
1120 1389 1223 1462 solidi
1241 1431 1249 1448 ·

796 1502 1013 1575 Aberdoure
1031 1502 1071 1574 xl
1088 1501 1191 1574 solidi
1208 1541 1216 1560 ·

796 1614 979 1708 Lummey
995 1613 1035 1684 xl
1052 1612 1157 1684 solidi
1174 1655 1182 1672 ·

799 1724 941 1797 Filorth
959 1725 999 1797 xl
1016 1723 1118 1796 solidi
1135 1765 1144 1784 ·

800 1837 900 1910 Dere
916 1837 957 1909 xl
974 1835 1078 1908 solidi
1096 1877 1104 1894 ·

798 1949 1009 2022 Dummaok
1026 1949 1112 2044 xxvj
1131 1947 1234 2020 solidi
1252 1949 1313 2042 viij
1333 1950 1471 2046 denarij
1489 1991 1497 2006 ·

1127 2060 1280 2134 Summa
1296 2063 1382 2134 ·xix·
1402 2063 1465 2134 lit.
1484 2065 1541 2158 ·vj·
1559 2060 1594 2134 ss.
1613 2065 1695 2158 aiij·
1714 2060 1750 2133 d.

586 2289 738 2362 Summa
755 2285 880 2360 totalis
896 2287 982 2379 iiij¹¹
1000 2310 1025 2357 x
1042 2285 1134 2358 libre
1152 2285 1185 2379 vj
1205 2281 1306 2358 solidi
1325 2287 1385 2379 viij
1405 2287 1539 2379 denarij
1558 2328 1567 2343 ·

407 2852 465 2922 De
483 2849 629 2921 Fouern
646 2869 712 2941 per
727 2844 899 2918 abbatem
917 2845 962 2918 de
981 2845 1080 2918 Dare
1175 2900 1183 2918 .
1287 2901 1295 2917 .
1398 2901 1406 2918 .

406 2962 465 3034 De
482 2959 614 3032 Ellone
631 2982 697 3053 per
713 2958 884 3031 abbatem
902 2958 948 3029 de
966 2953 1127 3050 Kynloff
1174 3012 1182 3029 .
1286 3013 1293 3028 .
1396 3013 1404 3030 .

406 3073 465 3146 De
482 3071 738 3166 Kynedwarde
755 3093 821 3164 per
836 3069 1007 3142 abbatem
1025 3069 1071 3140 de
1086 3066 1183 3140 Dera
1284 3125 1292 3141 .

406 3185 466 3256 De
483 3183 625 3254 Alueth
641 3206 706 3275 per
722 3181 893 3254 abbatem
912 3183 957 3252 de
975 3179 1098 3273 Capro
1175 3234 1184 3252 .
1286 3235 1294 3252 .
1397 3237 1406 3254 .
1508 3237 1517 3254 .
1744 3239 1752 3256 .

408 3297 467 3368 De
485 3296 609 3389 Fyuye
627 3317 692 3387 per
709 3294 880 3366 abbatem
898 3294 943 3364 de
960 3291 1215 3364 Aberbrothoe
1287 3345 1296 3362 .
1398 3347 1406 3364 .
1509 3347 1518 3364 .
1623 3319 1673 3387 ιιι]
1692 3297 1754 3368 lib.

408 3408 468 3479 De
485 3404 736 3479 Aehtidonald
842 3455 1517 3474 .......
1622 3408 1673 3499 iiij
1691 3407 1757 3480 lib.

409 3519 590 3591 Fundatio
608 3539 673 3610 pro
690 3517 811 3588 anima
828 3516 965 3586 domini
984 3513 1178 3587 Wilhelmi
1197 3515 1351 3589 Calabra

409 3632 460 3703 Et
477 3652 542 3724 pro
560 3630 707 3699 domino
726 3627 929 3698 Wilbelmo
947 3627 993 3697 de
1009 3625 1115 3697 Keth

408 3743 468 3814 De
484 3740 658 3813 Aberden
676 3762 741 3833 pro
759 3739 906 3809 domino
924 3736 1136 3809 Alexandro
1154 3734 1319 3833 episeopo
1338 3741 1518 3831 quondam

408 3856 517 3926 huius
534 3847 685 3924 eoeleste
703 3852 749 3921 de
766 3852 872 3921 terrie
889 3850 1071 3942 quondam
1091 3849 1250 3944 Hannay
1291 3905 1299 3922 .
1402 3905 1410 3922 .
1514 3904 1521 3921 .
1627 3877 1704 3925 xxx
1721 3851 1757 3926 ss.

411 3965 470 4037 De
488 3965 593 4035 terris
612 3960 781 4033 Duneani
799 3960 929 4054 Heruy
954 4013 1408 4032 .....
1535 3965 1569 4057 vj
1587 3961 1621 4036 st
1640 3967 1701 4057 viij
1720 3965 1757 4038 d.

411 4074 462 4147 Et
479 4077 524 4148 de
541 4075 647 4146 terrie
665 4074 711 4144 de
728 4072 940 4166 champany
959 4121 1521 4144 ......
1684 4099 1706 4146 v
1724 4080 1758 4150 β.

411 4188 470 4260 De
487 4188 593 4260 terris
609 4185 780 4257 Dunaani
798 4181 988 4255 Flesehare
1656 4190 1707 4282 iiij
1727 4189 1757 4260 1⁵.

410 4298 470 4371 De
486 4299 592 4370 terrie
609 4297 745 4367 domini
765 4295 958 4368 Wilhelmi
977 4294 1113 4368 Forbes
1179 4351 1187 4367 .
1290 4351 1298 4366 .
1402 4351 1410 4368 .
1539 4301 1572 4393 vj
1591 4298 1621 4370 1³.
1641 4303 1702 4396 viij
1720 4299 1758 4373 d.

410 4411 469 4482 De
487 4410 589 4505 Logy
606 4411 644 4481 in
662 4408 852 4480 Buebania
