4050 5534
409 639 482 710 290
927 621 1237 698 REGISTRUM
1607 625 1758 720 [aucum

419 831 554 906 scilicet
571 831 616 902 de
633 823 808 922 Kyacolli
821 821 1020 918 Estsrtully
1038 831 1077 894 et
1094 821 1140 894 de
1157 833 1308 916 atraque
1322 823 1515 920 Delibarry
1530 827 1759 898 manantibus

420 966 510 1036 quos
521 942 768 1036 temporaliter
779 939 903 1011 sonere
913 945 1088 1010 tenentur
1097 945 1136 1006 et
1148 937 1241 1006 tueri
1252 933 1472 1028 sepulturam
1482 923 1757 1010 ecclesiasticam

422 1055 637 1149 baptismum
662 1063 702 1126 et
726 1053 798 1126 alia
823 1049 1046 1124 suammenta
1074 1041 1312 1120 ecclesiastica
1344 1044 1522 1120 instanter
1553 1049 1761 1142 petentibus

423 1191 506 1242 oum
532 1175 683 1262 egerent
708 1187 841 1259 negare
865 1185 938 1234 aon
964 1169 1134 1256 poterant
1159 1181 1228 1230 nec
1253 1159 1436 1231 debebant
1452 1171 1531 1231 tura
1557 1163 1642 1254 quia
1667 1160 1760 1232 idem

423 1281 588 1352 homines
605 1281 715 1351 etiam
732 1276 898 1348 volentes
915 1275 959 1346 ad
974 1274 1106 1344 diuam
1120 1266 1307 1343 ecclesram
1323 1271 1563 1365 parochialem
1578 1273 1623 1344 da
1636 1271 1762 1344 Cultrc

424 1403 524 1464 trans
556 1391 692 1462 flumen
718 1388 854 1484 grande
881 1384 985 1458 fitam
1010 1384 1135 1456 venire
1164 1393 1312 1478 propter
1344 1385 1633 1479 magnitudinem
1668 1385 1762 1458 illias

425 1505 583 1576 fluminis
600 1502 874 1574 intercurrentis
890 1509 1040 1593 pontem
1059 1496 1117 1566 rel
1135 1497 1344 1590 pontionem
1360 1519 1432 1567 noa
1446 1497 1611 1568 habentis
1622 1521 1763 1592 perraro

426 1616 597 1690 accedere
621 1609 765 1708 polluat
790 1623 830 1684 et
854 1619 1029 1706 poterunt
1053 1609 1270 1700 abantiquo
1295 1609 1563 1702 propterquod
1588 1619 1664 1681 tarn
1689 1633 1763 1682 ccr-

426 1751 554 1823 porum
583 1749 692 1820 quam
724 1725 925 1797 animarum
954 1721 1141 1794 hominum
1175 1717 1331 1814 ipsorum
1365 1721 1532 1814 frequens
1565 1721 1762 1816 periculam

427 1840 573 1914 ndeaus
589 1837 803 1909 imminebat
820 1875 830 1894 ·
846 1834 938 1907 Tam
958 1835 1070 1906 etiam
1087 1835 1173 1926 quia
1187 1828 1254 1926 ipsr
1271 1833 1399 1906 iratres
1412 1833 1540 1928 templi
1558 1845 1671 1907 terras
1689 1857 1763 1929 pra·

427 1952 540 2024 didas
556 1950 743 2043 inquibus
755 1948 853 2020 idem
869 1947 1034 2018 homines
1044 1955 1312 2018 commorantur
1322 1947 1472 2041 proprijs
1483 1944 1554 2018 suis
1568 1947 1764 2042 sumptibus

428 2076 468 2137 at
485 2063 667 2136 laboribus
688 2060 733 2133 ad
750 2059 930 2131 culturam
948 2059 1117 2152 primitus
1134 2059 1352 2152 redegerunt
1369 2069 1516 2153 propter
1532 2061 1628 2154 quod
1644 2059 1765 2132 secan·

429 2176 517 2246 dura
531 2184 694 2246 tenorem
706 2171 975 2266 priuilegiomm
988 2169 1232 2264 predidoram
1247 2167 1354 2242 licere
1368 2170 1537 2243 dicabant
1550 2175 1602 2244 eis
1612 2173 1766 2246 decimas

429 2282 683 2360 ecclesiasticas
706 2292 747 2355 et
771 2282 1251 2354 obnaationes.omaimodas
1267 2291 1445 2354 terrarum
1469 2281 1624 2377 ipsarum
1643 2296 1767 2380 vtpote

431 2397 650 2472 incultarum
667 2393 728 2466 seu
747 2393 966 2466 desertarum
985 2393 1097 2464 libere
1113 2391 1185 2464 sais
1202 2389 1321 2464 vsrbus
1338 2393 1537 2488 applicare·
1550 2393 1712 2468 Tandem
1729 2407 1768 2467 rt

433 2512 550 2584 omnis
567 2510 720 2580 materia
743 2505 939 2598 questionis
963 2502 1069 2598 super
1093 2501 1268 2598 premissis
1284 2507 1380 2577 inter
1396 2517 1517 2599 partes
1540 2509 1715 2600 predistas
1732 2511 1767 2580 ia

433 2632 649 2718 perpetuum
667 2617 859 2689 tolleretur
874 2618 1087 2688 audoritate
1106 2614 1297 2711 subprioris
1310 2626 1349 2688 et
1364 2615 1508 2690 sacriste
1525 2621 1570 2692 de
1587 2619 1768 2716 Driburgb

433 2729 749 2808 commissariorum
774 2728 1054 2822 supradictorum
1073 2730 1340 2800 interueniente
1357 2740 1479 2823 partes
1495 2732 1655 2824 predide
1668 2730 1770 2826 super

433 2839 607 2940 premitis
622 2842 862 2916 amicabiliter
877 2839 1154 2934 composuerunt
1173 2841 1209 2910 in
1226 2840 1324 2912 hanc
1337 2841 1484 2912 modum
1496 2843 1666 2916 videlicet
1676 2845 1769 2938 qaod

432 2953 602 3052 magister
626 2966 665 3027 et
690 2955 819 3026 fratres
844 2954 993 3047 predisti
1019 2952 1195 3046 capellam
1214 2950 1314 3024 suam
1339 2955 1536 3048 predidnm
1561 2956 1670 3050 pleno
1695 2959 1772 3028 inre

433 3069 583 3140 liberam
601 3067 814 3139 habeantet
831 3067 990 3158 quietam
1008 3067 1046 3136 ia
1064 3073 1280 3158 perpetuum
1292 3089 1374 3137 cum
1392 3067 1570 3140 cimiterio
1586 3079 1625 3140 et
1641 3067 1773 3162 baptis·

434 3184 527 3253 terio
545 3177 704 3250 eiusdem
728 3200 793 3271 pro
818 3175 855 3247 se
872 3187 911 3247 et
936 3177 1073 3248 familia
1089 3173 1152 3248 sua
1168 3189 1207 3249 et
1223 3177 1492 3251 transeuntibus
1509 3203 1550 3252 ac
1575 3183 1688 3255 etiam
1710 3206 1772 3277 pro

435 3291 642 3364 bominibus
659 3312 723 3382 pro
740 3299 904 3382 tempore
926 3289 1158 3360 manentibus
1175 3291 1212 3360 in
1238 3293 1344 3362 terris
1362 3289 1433 3363 sais
1449 3293 1618 3385 predicis
1639 3289 1704 3366 srbi
1729 3295 1773 3366 da

436 3399 567 3476 foresta
590 3404 684 3497 regis
710 3399 808 3473 disto
831 3402 939 3472 modo
964 3401 1106 3472 collatis
1133 3425 1274 3474 necnon
1300 3403 1456 3474 decimas
1481 3413 1521 3476 et
1539 3406 1774 3478 abusationes

435 3514 659 3588 omnimodas
676 3523 753 3586 tam
771 3514 817 3584 de
833 3513 984 3606 proprijs
1009 3511 1162 3585 culturis
1186 3513 1404 3586 molendinis
1429 3511 1586 3608 piscarijs
1608 3518 1721 3610 pratis
1738 3529 1775 3589 et

437 3628 647 3702 animalium
664 3622 807 3696 suoram
821 3627 1053 3696 nutrimentis
1078 3649 1120 3698 ac
1136 3625 1217 3718 alijs
1233 3626 1384 3719 proprijs
1401 3627 1505 3697 bonis
1521 3625 1593 3698 suis
1610 3630 1775 3701 omnibus

438 3763 545 3836 qnam
572 3740 618 3810 dc
635 3738 805 3831 prodistis
822 3739 928 3807 terris
952 3733 1018 3809 libi
1044 3737 1089 3808 de
1106 3732 1237 3809 foresta
1258 3739 1353 3832 regis
1376 3737 1518 3810 collatis
1534 3749 1574 3810 et
1589 3740 1775 3812 hominnm

439 3857 477 3925 ia
495 3849 627 3924 eisdem
646 3851 751 3920 terris
767 3871 832 3942 pro
857 3860 1022 3943 ternpore
1040 3851 1265 3920 manentium
1284 3845 1398 3920 libere
1421 3859 1460 3920 et
1481 3850 1604 3942 quiete
1620 3851 1776 3924 habemt

439 3975 479 4036 et
510 3963 712 4058 percipiant
748 3963 787 4031 ia
820 3970 1036 4054 perpetuum
1070 3959 1267 4032 secundam
1300 3971 1464 4034 tenorem
1508 3963 1777 4060 priuilegiorum

439 4073 583 4147 suoram
601 4113 609 4130 ·
625 4073 695 4146 Jus
719 4072 831 4143 etiam
856 4067 1005 4144 ecclesie
1031 4071 1244 4167 parochialis
1269 4083 1308 4144 et
1333 4074 1554 4144 decimarum
1580 4086 1619 4148 et
1644 4078 1779 4148 obuen-

441 4190 582 4260 tionum
600 4185 696 4277 qnod
713 4195 752 4254 et
768 4183 876 4276 quale
893 4185 1031 4255 didam
1047 4182 1302 4258 monasterium
1320 4186 1366 4256 de
1389 4183 1542 4256 Kelcow
1565 4179 1604 4258 s't
1620 4186 1777 4260 eiusdem

440 4299 511 4370 loci
536 4297 646 4370 abbas
669 4307 709 4368 et
734 4306 936 4368 conuentus
961 4297 1165 4370 habueruut
1189 4297 1248 4370 vel
1274 4297 1407 4370 habere
1431 4309 1605 4390 poterant
1633 4302 1671 4372 ia
1701 4300 1779 4395 alijs'

441 4411 545 4482 terris
568 4405 727 4503 magistri
752 4416 791 4480 et
815 4407 968 4480 fratrum
991 4411 1234 4501 prodideram
1250 4406 1389 4482 scilicet
1406 4409 1452 4480 de
1469 4409 1643 4507 Kiacolsy
1660 4409 1779 4484 Estar·

440 4520 523 4594 tulli
538 4529 577 4592 et
595 4520 641 4590 de
657 4528 810 4612 atraque
828 4517 1022 4614 Deliburry
1039 4519 1320 4615 appropriabant
1337 4529 1376 4592 et
1392 4518 1667 4596 consolidabant
1683 4524 1777 4596 idem
