4050 5534
443 644 513 713 194
968 632 1274 708 REGISTRUM
1629 636 1784 731 [sacam

494 837 589 909 Item
603 860 715 909 vnum
727 846 894 933 tapetum
905 836 1041 909 cerulei
1058 834 1188 908 coloris
1197 832 1300 909 serici
1312 859 1360 908 ex
1371 833 1504 930 oppido
1518 832 1694 932 Brugensn
1707 846 1785 904 tex-

444 962 523 1023 tum
544 950 736 1024 locandam
756 973 876 1024 coram
895 944 1190 1045 magistrantibus
1208 946 1334 1021 subtus
1350 948 1613 1021 ceruicalibus·

492 1063 590 1135 Item
608 1086 679 1135 vna
703 1086 816 1157 cappa
841 1060 902 1133 scu
929 1059 1028 1156 palla
1053 1082 1099 1131 ex
1124 1082 1213 1133 auro
1230 1061 1353 1133 textili
1370 1084 1454 1133 cnm
1471 1060 1698 1133 simbralibns
1714 1061 1788 1131 auri

445 1170 696 1247 honestissimis
721 1176 816 1246 dono
842 1174 1024 1269 quondam
1049 1167 1191 1243 honesti
1210 1174 1277 1243 viri
1303 1174 1440 1244 domini
1457 1172 1596 1243 Tbome
1611 1172 1789 1265 Myrtoan

444 1287 685 1359 archidiaconi
702 1282 995 1359 Aberdonenfis·

495 1399 593 1471 Item
610 1398 725 1471 altera
737 1421 851 1493 cappa
867 1421 914 1469 ex
932 1397 1070 1491 optimo
1087 1420 1175 1469 auro
1188 1420 1272 1469 cam
1286 1398 1438 1489 simbrijs
1451 1392 1675 1491 amplissimis
1697 1397 1791 1467 dono

446 1512 625 1607 quondam
661 1507 818 1608 magistri
850 1510 1008 1583 Gilberti
1040 1507 1248 1604 Strequbyn
1285 1510 1432 1581 rectoris
1466 1534 1488 1581 a
1522 1510 1689 1601 Babeluy
1718 1509 1790 1581 albi

447 1625 576 1697 coloris
593 1633 634 1696 vt
651 1620 781 1719 snpra·

498 1736 594 1809 Item
606 1735 783 1830 vnapalla
794 1734 855 1809 seu
866 1757 980 1831 cappa
997 1734 1099 1807 rubei
1111 1734 1241 1807 coloris
1258 1758 1303 1805 ex
1318 1758 1500 1806 annocum
1512 1735 1663 1828 fimbnijs
1676 1738 1793 1807 aureis

449 1843 608 1921 eiusdem
627 1848 721 1919 dono
739 1846 899 1945 magistri
910 1847 1114 1921 Alexandri
1126 1843 1293 1921 Simsoun
1311 1848 1458 1918 recons
1475 1848 1520 1919 de
1539 1844 1780 1939 Monymusk·

494 1959 591 2032 Item
625 1959 740 2033 altera
761 1962 874 2033 rubea
898 1983 1012 2055 cappa
1037 1982 1085 2031 cx
1118 1982 1220 2057 auro,
1231 1954 1396 2031 similiter
1430 1970 1534 2031 texto
1567 1984 1652 2031 cum
1686 1962 1793 2031 armis

451 2072 635 2146 Florentio
653 2073 748 2145 dono
766 2074 947 2166 qnondam
973 2072 1152 2143 lobannis
1170 2068 1389 2144 Friscobaldi
1407 2094 1490 2142 cuin
1507 2066 1597 2143 esset
1613 2074 1733 2142 rector
1747 2073 1792 2142 de

451 2185 682 2258 Rothtvane.

500 2296 596 2367 Item
610 2319 681 2369 vna
691 2318 805 2392 cappa
821 2319 868 2367 ex
886 2292 973 2367 bisso
985 2293 1110 2367 villosa
1121 2296 1224 2368 rubei
1242 2294 1372 2367 coloris
1389 2296 1484 2366 dono
1495 2280 1653 2389 magistri
1664 2294 1689 2365 J
1691 2297 1793 2367 scobi

452 2408 585 2481 Vauen
602 2410 749 2481 rectoris
765 2408 811 2481 ab
829 2408 957 2503 Oyne·

501 2520 598 2593 Item
610 2520 777 2594 velamen
790 2517 981 2593 honestum
996 2522 1092 2614 quod
1103 2520 1274 2614 penditur
1286 2530 1373 2591 ante
1386 2517 1565 2589 summum
1577 2518 1693 2591 altare
1705 2533 1796 2592 tem·

452 2656 538 2726 pore
556 2628 824 2729 quodnagefime
841 2656 887 2705 ex
906 2634 982 2706 tela
997 2633 1130 2729 gallica
1146 2655 1229 2704 cum
1247 2632 1414 2704 crucibus
1440 2632 1536 2702 dono
1547 2632 1641 2733 lditti
1659 2633 1795 2703 domini

455 2742 647 2816 Wilbelmi
666 2744 817 2817 Stenart
830 2742 986 2839 episcopi
1003 2738 1294 2818 Aberdonenfis·

504 2855 599 2929 Item
615 2856 778 2929 velamen
789 2854 918 2929 summi
931 2857 1230 2951 altaristempore
1240 2854 1509 2952 quadragesime
1520 2880 1583 2950 per
1596 2858 1795 2950 capitulum

454 2968 716 3041 Aberdoncnse
730 2991 883 3043 vnacum
903 2969 1084 3042 velamine
1101 2970 1263 3041 crucifixi
1278 2966 1357 3063 solij
1377 2968 1497 3041 sande
1514 2972 1653 3041 crucis·

503 3082 600 3153 Item
612 3082 683 3152 duo
694 3084 918 3176 coopertoria
931 3080 1078 3153 scabelli
1090 3092 1314 3153 mortuorum
1329 3104 1440 3152 vnum
1455 3104 1500 3151 ex
1513 3079 1626 3153 serico
1637 3082 1796 3174 palmato

454 3196 545 3289 nigri
555 3193 683 3265 coloris
695 3202 734 3266 et
744 3193 899 3267 alterum
912 3217 958 3266 ex
970 3190 1070 3267 ostad
1083 3190 1197 3290 [tele]
1210 3192 1696 3287 anglicaneadcommunem
1705 3194 1799 3265 vtili·

455 3318 569 3377 tatem
588 3302 737 3379 ecclesio
754 3306 849 3377 dono
868 3307 952 3378 disti
968 3306 1158 3377 reuerendi
1177 3305 1290 3399 patris
1308 3304 1440 3377 Gavini
1459 3303 1616 3376 ciusdem
1635 3307 1786 3377 coloris·

505 3418 601 3490 Item
620 3417 731 3492 sam'n
757 3417 806 3490 lie
832 3419 1004 3491 banchoir
1020 3440 1085 3513 pro
1103 3414 1269 3490 scabellis
1295 3417 1469 3489 <littorum
1489 3440 1536 3494 ex
1554 3417 1657 3487 viridi
1685 3418 1800 3490 satine

457 3532 551 3601 dono
569 3526 734 3601 similiter
750 3530 880 3623 prefati
899 3532 1089 3602 reuerendi
1106 3531 1219 3623 patris
1236 3528 1369 3601 Ganini
1389 3570 1397 3587 ·

508 3640 603 3713 Item
623 3663 694 3712 vna
711 3640 850 3735 capella
867 3638 1016 3714 honesta
1032 3666 1079 3713 ex
1097 3641 1173 3713 tela
1189 3640 1378 3737 anglicana
1404 3642 1555 3735 spadicis
1580 3642 1640 3713 seu
1667 3648 1800 3738 punice

457 3756 649 3827 continens
666 3752 823 3825 casulam
850 3754 1010 3826 tunicam
1030 3765 1068 3825 et
1086 3753 1318 3826 dalmaticam
1345 3776 1429 3826 cum
1447 3755 1564 3826 tribus
1581 3756 1672 3828 albis
1689 3768 1728 3827 et
1747 3770 1802 3828 to·

458 3867 570 3937 tidem
585 3866 725 3937 amittis
737 3874 775 3935 et
792 3866 1000 3957 quindecim
1014 3868 1233 3959 paramentis
1247 3866 1423 3959 deputata
1439 3868 1484 3939 ad
1499 3864 1635 3939 misiam
1655 3892 1804 3941 venera-

458 3978 540 4050 bilis
552 3975 766 4049 sacramenti
779 3976 874 4047 dono
885 3978 1075 4049 reuerendi
1093 3978 1206 4071 patris
1220 3976 1403 4049 Willelmi
1415 3979 1612 4052 Gordouae
1630 4004 1693 4074 pro
1704 4006 1804 4054 nunc

458 4083 728 4164 Aberdonensis
745 4086 900 4182 episcopi
916 4113 1000 4161 cum
1019 4089 1134 4160 tribus
1150 4091 1250 4161 zonis
1266 4089 1312 4161 cd
1329 4091 1501 4163 eandem·

511 4202 607 4273 Item
621 4202 666 4273 ad
681 4199 861 4271 summum
879 4199 992 4273 altare
1006 4204 1165 4295 quinque
1176 4202 1416 4275 lintheamina
1428 4226 1511 4275 cum
1525 4215 1680 4295 quatuor
1691 4212 1809 4279 mani-

461 4314 585 4409 tergiis
603 4314 801 4406 pendentia
817 4322 903 4385 ante
918 4310 1056 4386 dissum
1073 4314 1209 4387 altare·

512 4424 607 4496 ltem
620 4434 774 4517 quatuor
785 4426 1001 4521 manitergia
1013 4426 1213 4519 pendentia
1226 4428 1330 4499 iuxta
1341 4426 1519 4499 summum
1533 4431 1646 4501 altare
1658 4455 1722 4525 pro
1734 4444 1810 4503 ter-

462 4536 588 4633 gendis
606 4536 772 4607 manibus
790 4536 1051 4608 celebrantium
1066 4580 1074 4595 ·
