<?xml version="1.0" encoding="UTF-8"?>
<!DOCTYPE html PUBLIC "-//W3C//DTD XHTML 1.0 Transitional//EN"
    "http://www.w3.org/TR/xhtml1/DTD/xhtml1-transitional.dtd">
<html xmlns="http://www.w3.org/1999/xhtml" xml:lang="en" lang="en">
 <head>
  <title>
</title>
<meta http-equiv="Content-Type" content="text/html;charset=utf-8" />
  <meta name='ocr-system' content='tesseract 3.04.00' />
  <meta name='ocr-capabilities' content='ocr_page ocr_carea ocr_par ocr_line ocrx_word'/>
</head>
<body>
  <div class='ocr_page' id='page_1' title='image "./registrumepisco02innegoog_0204.png"; bbox 0 0 4050 5534; ppageno 0'>
   <div class='ocr_carea' id='block_1_1' title="bbox 435 637 1887 748">
    <p class='ocr_par' dir='ltr' id='par_1_1' title="bbox 435 637 1887 748">
     <span class='ocr_line' id='line_1_1' title="bbox 435 637 1887 748; baseline 0.001 -28"><span class='ocrx_word' id='word_1_1' title='bbox 435 655 504 720; x_wconf 73' lang='lat'>198</span> <span class='ocrx_word' id='word_1_2' title='bbox 951 647 1257 722; x_wconf 77' lang='lat' dir='ltr'>REGISTRUM</span> <span class='ocrx_word' id='word_1_3' title='bbox 1621 652 1777 748; x_wconf 72' lang='lat' dir='ltr'>[secun</span> <span class='ocrx_word' id='word_1_4' title='bbox 1883 637 1887 650; x_wconf 92' lang='lat'><em>&#39;</em></span> 
     </span>
    </p>
   </div>
   <div class='ocr_carea' id='block_1_2' title="bbox 334 847 1792 4652">
    <p class='ocr_par' dir='ltr' id='par_1_2' title="bbox 436 847 1778 1062">
     <span class='ocr_line' id='line_1_2' title="bbox 436 847 1778 945; baseline 0.003 -27"><span class='ocrx_word' id='word_1_5' title='bbox 436 849 591 923; x_wconf 77' lang='lat' dir='ltr'>Lattara</span> <span class='ocrx_word' id='word_1_6' title='bbox 604 847 708 944; x_wconf 84' lang='lat' dir='ltr'>snper</span> <span class='ocrx_word' id='word_1_7' title='bbox 724 849 855 920; x_wconf 90' lang='lat' dir='ltr'>librum</span> <span class='ocrx_word' id='word_1_8' title='bbox 870 847 1129 922; x_wconf 86' lang='lat' dir='ltr'>sententiarum</span> <span class='ocrx_word' id='word_1_9' title='bbox 1148 853 1185 922; x_wconf 92' lang='lat' dir='ltr'>iu</span> <span class='ocrx_word' id='word_1_10' title='bbox 1202 847 1372 924; x_wconf 72' lang='lat' dir='ltr'><strong>asseribus</strong></span> <span class='ocrx_word' id='word_1_11' title='bbox 1386 861 1556 945; x_wconf 88' lang='lat' dir='ltr'>cooperta</span> <span class='ocrx_word' id='word_1_12' title='bbox 1572 875 1679 924; x_wconf 86' lang='lat' dir='ltr'>coreo</span> <span class='ocrx_word' id='word_1_13' title='bbox 1692 851 1778 923; x_wconf 88' lang='lat' dir='ltr'>albo</span> 
     </span>
     <span class='ocr_line' id='line_1_3' title="bbox 486 961 1086 1062; baseline -0.002 -27"><span class='ocrx_word' id='word_1_14' title='bbox 486 965 524 1035; x_wconf 92' lang='lat' dir='ltr'>in</span> <span class='ocrx_word' id='word_1_15' title='bbox 541 962 697 1036; x_wconf 86' lang='lat' dir='ltr'>secundo</span> <span class='ocrx_word' id='word_1_16' title='bbox 714 961 800 1035; x_wconf 87' lang='lat' dir='ltr'>solio</span> <span class='ocrx_word' id='word_1_17' title='bbox 819 961 920 1052; x_wconf 78' lang='lat' dir='ltr'>Quod</span> <span class='ocrx_word' id='word_1_18' title='bbox 930 961 1086 1062; x_wconf 72' lang='lat' dir='ltr'>capesce·</span> 
     </span>
    </p>

    <p class='ocr_par' dir='ltr' id='par_1_3' title="bbox 436 1070 1778 1261">
     <span class='ocr_line' id='line_1_4' title="bbox 436 1070 1778 1170; baseline 0 -23"><span class='ocrx_word' id='word_1_19' title='bbox 436 1073 651 1161; x_wconf 82' lang='lat' dir='ltr'>Questicnes</span> <span class='ocrx_word' id='word_1_20' title='bbox 675 1070 834 1170; x_wconf 86' lang='lat' dir='ltr'>magistri</span> <span class='ocrx_word' id='word_1_21' title='bbox 849 1073 1028 1147; x_wconf 88' lang='lat' dir='ltr'>Jchauuis</span> <span class='ocrx_word' id='word_1_22' title='bbox 1055 1075 1156 1148; x_wconf 87' lang='lat' dir='ltr'>Scoti</span> <span class='ocrx_word' id='word_1_23' title='bbox 1175 1073 1278 1168; x_wconf 90' lang='lat' dir='ltr'>super</span> <span class='ocrx_word' id='word_1_24' title='bbox 1295 1087 1369 1148; x_wconf 82' lang='lat' dir='ltr'>tres</span> <span class='ocrx_word' id='word_1_25' title='bbox 1387 1075 1496 1148; x_wconf 80' lang='lat' dir='ltr'>libros</span> <span class='ocrx_word' id='word_1_26' title='bbox 1513 1074 1778 1148; x_wconf 84' lang='lat' dir='ltr'>sententiarum</span> 
     </span>
     <span class='ocr_line' id='line_1_5' title="bbox 485 1183 995 1261; baseline 0.002 -3"><span class='ocrx_word' id='word_1_27' title='bbox 485 1191 521 1259; x_wconf 93' lang='lat' dir='ltr'>in</span> <span class='ocrx_word' id='word_1_28' title='bbox 540 1187 696 1261; x_wconf 84' lang='lat' dir='ltr'>secundo</span> <span class='ocrx_word' id='word_1_29' title='bbox 713 1187 799 1258; x_wconf 86' lang='lat' dir='ltr'>folio</span> <span class='ocrx_word' id='word_1_30' title='bbox 816 1183 970 1260; x_wconf 76' lang='lat' dir='ltr'>Eludant</span> <span class='ocrx_word' id='word_1_31' title='bbox 987 1228 995 1244; x_wconf 93' lang='lat'><strong>·</strong></span> 
     </span>
    </p>

    <p class='ocr_par' dir='ltr' id='par_1_4' title="bbox 334 1297 1782 1508">
     <span class='ocr_line' id='line_1_6' title="bbox 334 1297 1782 1395; baseline 0.001 -24"><span class='ocrx_word' id='word_1_32' title='bbox 334 1334 336 1337; x_wconf 28' lang='lat' dir='ltr'>v</span> <span class='ocrx_word' id='word_1_33' title='bbox 438 1297 610 1372; x_wconf 84' lang='lat' dir='ltr'>Yfidcrus</span> <span class='ocrx_word' id='word_1_34' title='bbox 621 1304 666 1373; x_wconf 87' lang='lat' dir='ltr'>dc</span> <span class='ocrx_word' id='word_1_35' title='bbox 677 1300 921 1372; x_wconf 87' lang='lat' dir='ltr'>summobono</span> <span class='ocrx_word' id='word_1_36' title='bbox 934 1311 972 1372; x_wconf 86' lang='lat' dir='ltr'>et</span> <span class='ocrx_word' id='word_1_37' title='bbox 984 1301 1138 1393; x_wconf 86' lang='lat' dir='ltr'>quedam</span> <span class='ocrx_word' id='word_1_38' title='bbox 1151 1300 1625 1395; x_wconf 87' lang='lat' dir='ltr'>concordauciesuperlibro</span> <span class='ocrx_word' id='word_1_39' title='bbox 1637 1299 1782 1373; x_wconf 81' lang='lat' dir='ltr'>Seneca</span> 
     </span>
     <span class='ocr_line' id='line_1_7' title="bbox 484 1411 1007 1508; baseline -0.006 -21"><span class='ocrx_word' id='word_1_40' title='bbox 484 1417 523 1487; x_wconf 92' lang='lat' dir='ltr'>in</span> <span class='ocrx_word' id='word_1_41' title='bbox 540 1413 695 1486; x_wconf 85' lang='lat' dir='ltr'>secundo</span> <span class='ocrx_word' id='word_1_42' title='bbox 713 1411 799 1485; x_wconf 87' lang='lat' dir='ltr'>folio</span> <span class='ocrx_word' id='word_1_43' title='bbox 815 1411 922 1484; x_wconf 72' lang='lat' dir='ltr'>Citius</span> <span class='ocrx_word' id='word_1_44' title='bbox 937 1414 981 1508; x_wconf 81' lang='lat' dir='ltr'>cst</span> <span class='ocrx_word' id='word_1_45' title='bbox 999 1453 1007 1470; x_wconf 93' lang='lat'><strong>·</strong></span> 
     </span>
    </p>

    <p class='ocr_par' dir='ltr' id='par_1_5' title="bbox 437 1523 1782 1734">
     <span class='ocr_line' id='line_1_8' title="bbox 437 1523 1782 1619; baseline -0.001 -21"><span class='ocrx_word' id='word_1_46' title='bbox 437 1526 604 1600; x_wconf 86' lang='lat' dir='ltr'>Secunda</span> <span class='ocrx_word' id='word_1_47' title='bbox 633 1525 787 1598; x_wconf 81' lang='lat' dir='ltr'>secunde</span> <span class='ocrx_word' id='word_1_48' title='bbox 804 1527 923 1598; x_wconf 83' lang='lat' dir='ltr'>fratris</span> <span class='ocrx_word' id='word_1_49' title='bbox 950 1525 1088 1596; x_wconf 84' lang='lat' dir='ltr'>Thoure</span> <span class='ocrx_word' id='word_1_50' title='bbox 1106 1527 1151 1598; x_wconf 88' lang='lat' dir='ltr'>de</span> <span class='ocrx_word' id='word_1_51' title='bbox 1167 1525 1316 1619; x_wconf 87' lang='lat' dir='ltr'><strong>Aquino</strong></span> <span class='ocrx_word' id='word_1_52' title='bbox 1333 1523 1489 1598; x_wconf 86' lang='lat' dir='ltr'>secundo</span> <span class='ocrx_word' id='word_1_53' title='bbox 1508 1525 1595 1597; x_wconf 87' lang='lat' dir='ltr'>folio</span> <span class='ocrx_word' id='word_1_54' title='bbox 1626 1525 1782 1616; x_wconf 59' lang='lat' dir='ltr'>Quum</span> 
     </span>
     <span class='ocr_line' id='line_1_9' title="bbox 486 1633 756 1734; baseline 0.004 -23"><span class='ocrx_word' id='word_1_55' title='bbox 486 1633 756 1734; x_wconf 49' lang='lat' dir='ltr'>astinenum·</span> 
     </span>
    </p>

    <p class='ocr_par' dir='ltr' id='par_1_6' title="bbox 437 1747 1784 1962">
     <span class='ocr_line' id='line_1_10' title="bbox 437 1747 1784 1848; baseline -0.001 -23"><span class='ocrx_word' id='word_1_56' title='bbox 437 1751 663 1848; x_wconf 80' lang='lat' dir='ltr'>Augustinus</span> <span class='ocrx_word' id='word_1_57' title='bbox 681 1755 725 1825; x_wconf 84' lang='lat' dir='ltr'>de</span> <span class='ocrx_word' id='word_1_58' title='bbox 743 1753 905 1825; x_wconf 81' lang='lat' dir='ltr'>Ciuitate</span> <span class='ocrx_word' id='word_1_59' title='bbox 923 1751 993 1823; x_wconf 90' lang='lat' dir='ltr'>Dei</span> <span class='ocrx_word' id='word_1_60' title='bbox 1019 1752 1065 1823; x_wconf 85' lang='lat' dir='ltr'>ab</span> <span class='ocrx_word' id='word_1_61' title='bbox 1086 1751 1276 1822; x_wconf 81' lang='lat' dir='ltr'>vndecimo</span> <span class='ocrx_word' id='word_1_62' title='bbox 1295 1751 1385 1824; x_wconf 91' lang='lat' dir='ltr'>libro</span> <span class='ocrx_word' id='word_1_63' title='bbox 1403 1747 1508 1845; x_wconf 87' lang='lat' dir='ltr'>snpra</span> <span class='ocrx_word' id='word_1_64' title='bbox 1526 1792 1534 1809; x_wconf 93' lang='lat'><strong>·</strong></span> <span class='ocrx_word' id='word_1_65' title='bbox 1553 1753 1590 1822; x_wconf 90' lang='lat' dir='ltr'>iu</span> <span class='ocrx_word' id='word_1_66' title='bbox 1609 1749 1784 1824; x_wconf 72' lang='lat' dir='ltr'>asseribus</span> 
     </span>
     <span class='ocr_line' id='line_1_11' title="bbox 486 1864 1020 1962; baseline -0.006 -24"><span class='ocrx_word' id='word_1_67' title='bbox 486 1864 641 1938; x_wconf 88' lang='lat' dir='ltr'>secundo</span> <span class='ocrx_word' id='word_1_68' title='bbox 659 1865 744 1936; x_wconf 85' lang='lat' dir='ltr'>folio</span> <span class='ocrx_word' id='word_1_69' title='bbox 761 1865 811 1936; x_wconf 84' lang='lat' dir='ltr'>Et</span> <span class='ocrx_word' id='word_1_70' title='bbox 818 1865 1020 1962; x_wconf 64' lang='lat' dir='ltr'>sannatia·</span> 
     </span>
    </p>

    <p class='ocr_par' dir='ltr' id='par_1_7' title="bbox 439 1971 1787 2166">
     <span class='ocr_line' id='line_1_12' title="bbox 439 1971 1787 2072; baseline 0 -22"><span class='ocrx_word' id='word_1_71' title='bbox 439 1979 594 2052; x_wconf 72' lang='lat' dir='ltr'>uenum</span> <span class='ocrx_word' id='word_1_72' title='bbox 618 1977 876 2050; x_wconf 84' lang='lat' dir='ltr'>sententiarum</span> <span class='ocrx_word' id='word_1_73' title='bbox 902 1977 939 2046; x_wconf 93' lang='lat' dir='ltr'>iu</span> <span class='ocrx_word' id='word_1_74' title='bbox 970 1973 1139 2047; x_wconf 87' lang='lat' dir='ltr'>asseribus</span> <span class='ocrx_word' id='word_1_75' title='bbox 1164 1977 1203 2046; x_wconf 93' lang='lat' dir='ltr'>iu</span> <span class='ocrx_word' id='word_1_76' title='bbox 1228 1971 1385 2047; x_wconf 88' lang='lat' dir='ltr'>secundo</span> <span class='ocrx_word' id='word_1_77' title='bbox 1411 1975 1498 2047; x_wconf 86' lang='lat' dir='ltr'>solio</span> <span class='ocrx_word' id='word_1_78' title='bbox 1523 1974 1680 2072; x_wconf 70' lang='lat' dir='ltr'>Spiritus</span> <span class='ocrx_word' id='word_1_79' title='bbox 1709 1979 1787 2050; x_wconf 74' lang='lat' dir='ltr'>eins</span> 
     </span>
     <span class='ocr_line' id='line_1_13' title="bbox 486 2091 747 2166; baseline -0.008 0"><span class='ocrx_word' id='word_1_80' title='bbox 486 2093 623 2166; x_wconf 78' lang='lat' dir='ltr'>ornauit</span> <span class='ocrx_word' id='word_1_81' title='bbox 637 2091 747 2164; x_wconf 81' lang='lat' dir='ltr'>celos·</span> 
     </span>
    </p>

    <p class='ocr_par' dir='ltr' id='par_1_8' title="bbox 436 2197 1786 2390">
     <span class='ocr_line' id='line_1_14' title="bbox 436 2197 1786 2299; baseline -0.004 -20"><span class='ocrx_word' id='word_1_82' title='bbox 436 2206 592 2279; x_wconf 73' lang='lat' dir='ltr'>[rectura</span> <span class='ocrx_word' id='word_1_83' title='bbox 619 2204 724 2299; x_wconf 86' lang='lat' dir='ltr'>snper</span> <span class='ocrx_word' id='word_1_84' title='bbox 748 2205 839 2276; x_wconf 88' lang='lat' dir='ltr'>libro</span> <span class='ocrx_word' id='word_1_85' title='bbox 865 2202 1124 2274; x_wconf 85' lang='lat' dir='ltr'>sententiarum</span> <span class='ocrx_word' id='word_1_86' title='bbox 1151 2203 1212 2295; x_wconf 93' lang='lat' dir='ltr'>qni</span> <span class='ocrx_word' id='word_1_87' title='bbox 1239 2199 1366 2294; x_wconf 81' lang='lat' dir='ltr'>incipit</span> <span class='ocrx_word' id='word_1_88' title='bbox 1391 2197 1657 2272; x_wconf 68' lang='lat' dir='ltr'>nomentanus·</span> <span class='ocrx_word' id='word_1_89' title='bbox 1677 2211 1719 2273; x_wconf 87' lang='lat' dir='ltr'>et</span> <span class='ocrx_word' id='word_1_90' title='bbox 1746 2205 1786 2274; x_wconf 91' lang='lat' dir='ltr'>iu</span> 
     </span>
     <span class='ocr_line' id='line_1_15' title="bbox 484 2315 1440 2390; baseline -0.005 -2"><span class='ocrx_word' id='word_1_91' title='bbox 484 2317 640 2390; x_wconf 87' lang='lat' dir='ltr'>secundo</span> <span class='ocrx_word' id='word_1_92' title='bbox 657 2318 743 2388; x_wconf 86' lang='lat' dir='ltr'>folio</span> <span class='ocrx_word' id='word_1_93' title='bbox 761 2315 834 2389; x_wconf 88' lang='lat' dir='ltr'>Nec</span> <span class='ocrx_word' id='word_1_94' title='bbox 850 2339 963 2388; x_wconf 70' lang='lat' dir='ltr'>creare</span> <span class='ocrx_word' id='word_1_95' title='bbox 980 2355 988 2371; x_wconf 93' lang='lat'><strong>·</strong></span> <span class='ocrx_word' id='word_1_96' title='bbox 1436 2365 1440 2374; x_wconf 86' lang='lat'><em>.</em></span> 
     </span>
    </p>

    <p class='ocr_par' dir='ltr' id='par_1_9' title="bbox 434 2421 1788 2616">
     <span class='ocr_line' id='line_1_16' title="bbox 434 2421 1788 2520; baseline -0.002 -18"><span class='ocrx_word' id='word_1_97' title='bbox 434 2431 558 2503; x_wconf 84' lang='lat' dir='ltr'>Tertia</span> <span class='ocrx_word' id='word_1_98' title='bbox 574 2430 709 2502; x_wconf 81' lang='lat' dir='ltr'>lcttura</span> <span class='ocrx_word' id='word_1_99' title='bbox 729 2429 987 2500; x_wconf 76' lang='lat' dir='ltr'>sententiarum</span> <span class='ocrx_word' id='word_1_100' title='bbox 1006 2437 1044 2498; x_wconf 89' lang='lat' dir='ltr'>et</span> <span class='ocrx_word' id='word_1_101' title='bbox 1062 2427 1189 2519; x_wconf 77' lang='lat' dir='ltr'>incipit</span> <span class='ocrx_word' id='word_1_102' title='bbox 1213 2422 1329 2496; x_wconf 75' lang='lat' dir='ltr'>Vtrum</span> <span class='ocrx_word' id='word_1_103' title='bbox 1337 2421 1423 2520; x_wconf 80' lang='lat' dir='ltr'>srni</span> <span class='ocrx_word' id='word_1_104' title='bbox 1440 2434 1478 2496; x_wconf 88' lang='lat' dir='ltr'>et</span> <span class='ocrx_word' id='word_1_105' title='bbox 1495 2421 1548 2494; x_wconf 87' lang='lat' dir='ltr'>est</span> <span class='ocrx_word' id='word_1_106' title='bbox 1567 2425 1605 2495; x_wconf 92' lang='lat' dir='ltr'>iu</span> <span class='ocrx_word' id='word_1_107' title='bbox 1621 2424 1788 2518; x_wconf 79' lang='lat' dir='ltr'>pellibus</span> 
     </span>
     <span class='ocr_line' id='line_1_17' title="bbox 485 2543 769 2616; baseline 0 -2"><span class='ocrx_word' id='word_1_108' title='bbox 485 2569 558 2614; x_wconf 91' lang='lat' dir='ltr'>non</span> <span class='ocrx_word' id='word_1_109' title='bbox 576 2543 744 2616; x_wconf 84' lang='lat' dir='ltr'>asseribus</span> <span class='ocrx_word' id='word_1_110' title='bbox 762 2583 769 2599; x_wconf 94' lang='lat'><strong>·</strong></span> 
     </span>
    </p>

    <p class='ocr_par' dir='ltr' id='par_1_10' title="bbox 434 2641 1788 2840">
     <span class='ocr_line' id='line_1_18' title="bbox 434 2641 1788 2748; baseline -0.004 -21"><span class='ocrx_word' id='word_1_111' title='bbox 434 2657 571 2728; x_wconf 84' lang='lat' dir='ltr'>Tabula</span> <span class='ocrx_word' id='word_1_112' title='bbox 589 2654 729 2726; x_wconf 84' lang='lat' dir='ltr'>subtilis</span> <span class='ocrx_word' id='word_1_113' title='bbox 755 2655 855 2726; x_wconf 90' lang='lat' dir='ltr'>Scoti</span> <span class='ocrx_word' id='word_1_114' title='bbox 874 2663 912 2725; x_wconf 88' lang='lat' dir='ltr'>et</span> <span class='ocrx_word' id='word_1_115' title='bbox 928 2653 1056 2746; x_wconf 81' lang='lat' dir='ltr'>incipit</span> <span class='ocrx_word' id='word_1_116' title='bbox 1081 2641 1280 2748; x_wconf 72' lang='lat' dir='ltr'>Abstratiio</span> <span class='ocrx_word' id='word_1_117' title='bbox 1297 2687 1306 2704; x_wconf 87' lang='lat'><strong>·</strong></span> <span class='ocrx_word' id='word_1_118' title='bbox 1325 2649 1362 2718; x_wconf 93' lang='lat' dir='ltr'>iu</span> <span class='ocrx_word' id='word_1_119' title='bbox 1381 2643 1550 2721; x_wconf 73' lang='lat' dir='ltr'>asseribus</span> <span class='ocrx_word' id='word_1_120' title='bbox 1568 2647 1788 2721; x_wconf 86' lang='lat' dir='ltr'>insecundo</span> 
     </span>
     <span class='ocr_line' id='line_1_19' title="bbox 484 2765 886 2840; baseline -0.007 0"><span class='ocrx_word' id='word_1_121' title='bbox 484 2769 570 2840; x_wconf 87' lang='lat' dir='ltr'>folio</span> <span class='ocrx_word' id='word_1_122' title='bbox 594 2765 712 2840; x_wconf 82' lang='lat' dir='ltr'>Vtrum</span> <span class='ocrx_word' id='word_1_123' title='bbox 729 2765 859 2838; x_wconf 67' lang='lat' dir='ltr'>habitus</span> <span class='ocrx_word' id='word_1_124' title='bbox 876 2805 886 2824; x_wconf 89' lang='lat'><strong>·</strong></span> 
     </span>
    </p>

    <p class='ocr_par' dir='ltr' id='par_1_11' title="bbox 435 2871 1788 3091">
     <span class='ocr_line' id='line_1_20' title="bbox 435 2871 1788 2974; baseline -0.006 -20"><span class='ocrx_word' id='word_1_125' title='bbox 435 2881 545 2953; x_wconf 86' lang='lat' dir='ltr'>Liber</span> <span class='ocrx_word' id='word_1_126' title='bbox 562 2885 607 2952; x_wconf 89' lang='lat' dir='ltr'>dc</span> <span class='ocrx_word' id='word_1_127' title='bbox 624 2879 903 2974; x_wconf 83' lang='lat' dir='ltr'>proprietatibus</span> <span class='ocrx_word' id='word_1_128' title='bbox 927 2899 1048 2948; x_wconf 87' lang='lat' dir='ltr'>rernm</span> <span class='ocrx_word' id='word_1_129' title='bbox 1074 2875 1112 2945; x_wconf 90' lang='lat' dir='ltr'>iu</span> <span class='ocrx_word' id='word_1_130' title='bbox 1138 2896 1209 2945; x_wconf 83' lang='lat' dir='ltr'>vno</span> <span class='ocrx_word' id='word_1_131' title='bbox 1235 2873 1418 2944; x_wconf 85' lang='lat' dir='ltr'>volumine</span> <span class='ocrx_word' id='word_1_132' title='bbox 1445 2875 1483 2944; x_wconf 91' lang='lat' dir='ltr'>iu</span> <span class='ocrx_word' id='word_1_133' title='bbox 1502 2871 1666 2944; x_wconf 68' lang='lat' dir='ltr'>⁴secundo</span> <span class='ocrx_word' id='word_1_134' title='bbox 1692 2875 1788 2947; x_wconf 85' lang='lat' dir='ltr'>solio</span> 
     </span>
     <span class='ocr_line' id='line_1_21' title="bbox 483 2983 1312 3091; baseline -0.012 -25"><span class='ocrx_word' id='word_1_135' title='bbox 483 2993 697 3091; x_wconf 75' lang='lat' dir='ltr'>Etspirisus</span> <span class='ocrx_word' id='word_1_136' title='bbox 706 2983 882 3090; x_wconf 66' lang='lat' dir='ltr'>sensim·</span> <span class='ocrx_word' id='word_1_137' title='bbox 1300 3079 1312 3090; x_wconf 31' lang='lat'>⁵</span> 
     </span>
    </p>

    <p class='ocr_par' dir='ltr' id='par_1_12' title="bbox 435 3096 1712 3198">
     <span class='ocr_line' id='line_1_22' title="bbox 435 3096 1712 3198; baseline -0.006 -19"><span class='ocrx_word' id='word_1_138' title='bbox 435 3107 542 3179; x_wconf 86' lang='lat' dir='ltr'>Alius</span> <span class='ocrx_word' id='word_1_139' title='bbox 559 3108 649 3178; x_wconf 84' lang='lat' dir='ltr'>iiber</span> <span class='ocrx_word' id='word_1_140' title='bbox 666 3107 711 3176; x_wconf 86' lang='lat' dir='ltr'>dc</span> <span class='ocrx_word' id='word_1_141' title='bbox 728 3102 1008 3198; x_wconf 80' lang='lat' dir='ltr'>proprietatibus</span> <span class='ocrx_word' id='word_1_142' title='bbox 1027 3121 1146 3170; x_wconf 88' lang='lat' dir='ltr'>rernm</span> <span class='ocrx_word' id='word_1_143' title='bbox 1165 3101 1202 3169; x_wconf 79' lang='lat' dir='ltr'>iii</span> <span class='ocrx_word' id='word_1_144' title='bbox 1220 3097 1375 3171; x_wconf 88' lang='lat' dir='ltr'>secundo</span> <span class='ocrx_word' id='word_1_145' title='bbox 1392 3098 1479 3170; x_wconf 86' lang='lat' dir='ltr'>folio</span> <span class='ocrx_word' id='word_1_146' title='bbox 1501 3096 1546 3170; x_wconf 81' lang='lat' dir='ltr'>Vt</span> <span class='ocrx_word' id='word_1_147' title='bbox 1560 3097 1682 3172; x_wconf 66' lang='lat' dir='ltr'>iisdem</span> <span class='ocrx_word' id='word_1_148' title='bbox 1703 3139 1712 3158; x_wconf 93' lang='lat'><strong>·</strong></span> 
     </span>
    </p>

    <p class='ocr_par' dir='ltr' id='par_1_13' title="bbox 436 3206 1716 3318">
     <span class='ocr_line' id='line_1_23' title="bbox 436 3206 1716 3318; baseline -0.005 -30"><span class='ocrx_word' id='word_1_149' title='bbox 436 3219 648 3313; x_wconf 85' lang='lat' dir='ltr'>Manipnlns</span> <span class='ocrx_word' id='word_1_150' title='bbox 665 3218 793 3289; x_wconf 85' lang='lat' dir='ltr'>florum</span> <span class='ocrx_word' id='word_1_151' title='bbox 809 3216 987 3308; x_wconf 84' lang='lat' dir='ltr'>incipiens</span> <span class='ocrx_word' id='word_1_152' title='bbox 1003 3214 1042 3284; x_wconf 92' lang='lat' dir='ltr'>in</span> <span class='ocrx_word' id='word_1_153' title='bbox 1059 3211 1214 3283; x_wconf 88' lang='lat' dir='ltr'>secundo</span> <span class='ocrx_word' id='word_1_154' title='bbox 1232 3212 1318 3283; x_wconf 88' lang='lat' dir='ltr'>folio</span> <span class='ocrx_word' id='word_1_155' title='bbox 1335 3209 1399 3284; x_wconf 77' lang='lat' dir='ltr'>Ad</span> <span class='ocrx_word' id='word_1_156' title='bbox 1414 3206 1593 3284; x_wconf 64' lang='lat' dir='ltr'>conticium</span> <span class='ocrx_word' id='word_1_157' title='bbox 1611 3249 1620 3268; x_wconf 88' lang='lat'><strong>·</strong></span> <span class='ocrx_word' id='word_1_158' title='bbox 1711 3311 1716 3318; x_wconf 22' lang='grc' dir='ltr'>ι</span> 
     </span>
    </p>

    <p class='ocr_par' dir='ltr' id='par_1_14' title="bbox 435 3321 1787 3420">
     <span class='ocr_line' id='line_1_24' title="bbox 435 3321 1787 3420; baseline -0.014 -15"><span class='ocrx_word' id='word_1_159' title='bbox 435 3333 545 3405; x_wconf 83' lang='lat' dir='ltr'>Liber</span> <span class='ocrx_word' id='word_1_160' title='bbox 562 3332 607 3402; x_wconf 89' lang='lat' dir='ltr'>de</span> <span class='ocrx_word' id='word_1_161' title='bbox 624 3331 762 3402; x_wconf 86' lang='lat' dir='ltr'>naturis</span> <span class='ocrx_word' id='word_1_162' title='bbox 779 3325 989 3400; x_wconf 86' lang='lat' dir='ltr'>animalium</span> <span class='ocrx_word' id='word_1_163' title='bbox 1007 3327 1183 3418; x_wconf 88' lang='lat' dir='ltr'>incipiens</span> <span class='ocrx_word' id='word_1_164' title='bbox 1200 3325 1237 3394; x_wconf 91' lang='lat' dir='ltr'>in</span> <span class='ocrx_word' id='word_1_165' title='bbox 1257 3321 1411 3394; x_wconf 87' lang='lat' dir='ltr'>secundo</span> <span class='ocrx_word' id='word_1_166' title='bbox 1430 3322 1514 3394; x_wconf 90' lang='lat' dir='ltr'>folio</span> <span class='ocrx_word' id='word_1_167' title='bbox 1532 3321 1758 3420; x_wconf 59' lang='lat' dir='ltr'>Aquinatium</span> <span class='ocrx_word' id='word_1_168' title='bbox 1778 3371 1787 3386; x_wconf 92' lang='lat'><strong>.</strong></span> 
     </span>
    </p>

    <p class='ocr_par' dir='ltr' id='par_1_15' title="bbox 434 3433 1790 3646">
     <span class='ocr_line' id='line_1_25' title="bbox 434 3433 1790 3539; baseline -0.001 -24"><span class='ocrx_word' id='word_1_169' title='bbox 434 3441 594 3539; x_wconf 84' lang='lat' dir='ltr'>Epistcle</span> <span class='ocrx_word' id='word_1_170' title='bbox 608 3443 746 3514; x_wconf 87' lang='lat' dir='ltr'>Scnece</span> <span class='ocrx_word' id='word_1_171' title='bbox 760 3441 804 3512; x_wconf 86' lang='lat' dir='ltr'>ad</span> <span class='ocrx_word' id='word_1_172' title='bbox 818 3439 974 3510; x_wconf 86' lang='lat' dir='ltr'>Paulum</span> <span class='ocrx_word' id='word_1_173' title='bbox 993 3451 1032 3508; x_wconf 88' lang='lat' dir='ltr'>et</span> <span class='ocrx_word' id='word_1_174' title='bbox 1050 3438 1095 3508; x_wconf 89' lang='lat' dir='ltr'>ad</span> <span class='ocrx_word' id='word_1_175' title='bbox 1108 3435 1291 3508; x_wconf 86' lang='lat' dir='ltr'>Lucillum</span> <span class='ocrx_word' id='word_1_176' title='bbox 1310 3457 1393 3506; x_wconf 88' lang='lat' dir='ltr'>cum</span> <span class='ocrx_word' id='word_1_177' title='bbox 1411 3433 1625 3507; x_wconf 72' lang='lat' dir='ltr'>ructatibus</span> <span class='ocrx_word' id='word_1_178' title='bbox 1643 3439 1726 3532; x_wconf 86' lang='lat' dir='ltr'>xiiij</span> <span class='ocrx_word' id='word_1_179' title='bbox 1747 3445 1790 3513; x_wconf 91' lang='lat' dir='ltr'>in</span> 
     </span>
     <span class='ocr_line' id='line_1_26' title="bbox 482 3549 1061 3646; baseline -0.012 -19"><span class='ocrx_word' id='word_1_180' title='bbox 482 3555 637 3627; x_wconf 85' lang='lat' dir='ltr'>secundo</span> <span class='ocrx_word' id='word_1_181' title='bbox 655 3553 741 3624; x_wconf 87' lang='lat' dir='ltr'>solio</span> <span class='ocrx_word' id='word_1_182' title='bbox 758 3551 805 3622; x_wconf 82' lang='lat' dir='ltr'>In</span> <span class='ocrx_word' id='word_1_183' title='bbox 821 3559 879 3622; x_wconf 80' lang='lat' dir='ltr'>tna</span> <span class='ocrx_word' id='word_1_184' title='bbox 892 3549 1036 3646; x_wconf 83' lang='lat' dir='ltr'>persona</span> <span class='ocrx_word' id='word_1_185' title='bbox 1053 3587 1061 3603; x_wconf 90' lang='lat'><strong>·</strong></span> 
     </span>
    </p>

    <p class='ocr_par' dir='ltr' id='par_1_16' title="bbox 433 3656 1792 4204">
     <span class='ocr_line' id='line_1_27' title="bbox 434 3656 1788 3761; baseline -0.012 -21"><span class='ocrx_word' id='word_1_186' title='bbox 434 3667 647 3761; x_wconf 81' lang='lat' dir='ltr'>Manipulus</span> <span class='ocrx_word' id='word_1_187' title='bbox 659 3666 785 3737; x_wconf 85' lang='lat' dir='ltr'>florum</span> <span class='ocrx_word' id='word_1_188' title='bbox 797 3665 835 3734; x_wconf 90' lang='lat' dir='ltr'>iu</span> <span class='ocrx_word' id='word_1_189' title='bbox 846 3663 1002 3733; x_wconf 87' lang='lat' dir='ltr'>secundo</span> <span class='ocrx_word' id='word_1_190' title='bbox 1013 3659 1322 3758; x_wconf 74' lang='lat' dir='ltr'>solioAnynstinnr</span> <span class='ocrx_word' id='word_1_191' title='bbox 1335 3659 1371 3730; x_wconf 78' lang='lat' dir='ltr'>in</span> <span class='ocrx_word' id='word_1_192' title='bbox 1383 3656 1788 3756; x_wconf 64' lang='lat' dir='ltr'>sibrodcqneflicnibus.</span> 
     </span>
     <span class='ocr_line' id='line_1_28' title="bbox 434 3769 1792 3866; baseline -0.003 -14"><span class='ocrx_word' id='word_1_193' title='bbox 434 3777 647 3866; x_wconf 81' lang='lat' dir='ltr'>Qucstionce</span> <span class='ocrx_word' id='word_1_194' title='bbox 665 3773 739 3848; x_wconf 83' lang='lat' dir='ltr'>sinc</span> <span class='ocrx_word' id='word_1_195' title='bbox 757 3773 895 3847; x_wconf 74' lang='lat' dir='ltr'>lectura</span> <span class='ocrx_word' id='word_1_196' title='bbox 911 3771 1171 3844; x_wconf 87' lang='lat' dir='ltr'>sententiarum</span> <span class='ocrx_word' id='word_1_197' title='bbox 1189 3773 1227 3843; x_wconf 91' lang='lat' dir='ltr'>in</span> <span class='ocrx_word' id='word_1_198' title='bbox 1244 3769 1412 3858; x_wconf 77' lang='lat' dir='ltr'>asseribus</span> <span class='ocrx_word' id='word_1_199' title='bbox 1426 3774 1486 3864; x_wconf 93' lang='lat' dir='ltr'>qni</span> <span class='ocrx_word' id='word_1_200' title='bbox 1504 3773 1632 3866; x_wconf 92' lang='lat' dir='ltr'>incipit</span> <span class='ocrx_word' id='word_1_201' title='bbox 1648 3770 1792 3848; x_wconf 73' lang='lat' dir='ltr'><em>Evom-</em></span> 
     </span>
     <span class='ocr_line' id='line_1_29' title="bbox 504 3890 1710 3963; baseline -0.003 -1"><span class='ocrx_word' id='word_1_202' title='bbox 504 3890 647 3963; x_wconf 78' lang='lat' dir='ltr'>lcccri·</span> <span class='ocrx_word' id='word_1_203' title='bbox 1706 3951 1710 3958; x_wconf 94' lang='lat'>.</span> 
     </span>
     <span class='ocr_line' id='line_1_30' title="bbox 433 3917 1787 4099; baseline -0.001 -23"><span class='ocrx_word' id='word_1_204' title='bbox 433 3917 625 4099; x_wconf 66' lang='lat' dir='ltr'>Eripcsrcio</span> <span class='ocrx_word' id='word_1_205' title='bbox 637 4002 734 4073; x_wconf 83' lang='lat' dir='ltr'>beati</span> <span class='ocrx_word' id='word_1_206' title='bbox 752 3994 932 4092; x_wconf 85' lang='lat' dir='ltr'>Ambrcsrj</span> <span class='ocrx_word' id='word_1_207' title='bbox 947 3995 1052 4090; x_wconf 87' lang='lat' dir='ltr'>super</span> <span class='ocrx_word' id='word_1_208' title='bbox 1066 3995 1172 4068; x_wconf 89' lang='lat' dir='ltr'>Beati</span> <span class='ocrx_word' id='word_1_209' title='bbox 1187 3993 1417 4068; x_wconf 88' lang='lat' dir='ltr'>Immaculati</span> <span class='ocrx_word' id='word_1_210' title='bbox 1434 3997 1472 4066; x_wconf 93' lang='lat' dir='ltr'>in</span> <span class='ocrx_word' id='word_1_211' title='bbox 1489 3994 1646 4069; x_wconf 88' lang='lat' dir='ltr'>secundo</span> <span class='ocrx_word' id='word_1_212' title='bbox 1664 4001 1787 4076; x_wconf 88' lang='lat' dir='ltr'>folio·</span> 
     </span>
     <span class='ocr_line' id='line_1_31' title="bbox 433 4104 1789 4204; baseline 0.001 -15"><span class='ocrx_word' id='word_1_213' title='bbox 433 4118 544 4189; x_wconf 82' lang='lat' dir='ltr'>Liber</span> <span class='ocrx_word' id='word_1_214' title='bbox 572 4110 829 4188; x_wconf 83' lang='lat' dir='ltr'>confessionum</span> <span class='ocrx_word' id='word_1_215' title='bbox 863 4112 961 4182; x_wconf 87' lang='lat' dir='ltr'>beati</span> <span class='ocrx_word' id='word_1_216' title='bbox 996 4104 1192 4204; x_wconf 85' lang='lat' dir='ltr'>Augustini</span> <span class='ocrx_word' id='word_1_217' title='bbox 1227 4109 1403 4201; x_wconf 84' lang='lat' dir='ltr'>incipieus</span> <span class='ocrx_word' id='word_1_218' title='bbox 1433 4105 1653 4183; x_wconf 85' lang='lat' dir='ltr'>insecundo</span> <span class='ocrx_word' id='word_1_219' title='bbox 1690 4116 1789 4190; x_wconf 87' lang='lat' dir='ltr'>folio</span> 
     </span>
    </p>

    <p class='ocr_par' dir='ltr' id='par_1_17' title="bbox 430 4227 1788 4652">
     <span class='ocr_line' id='line_1_32' title="bbox 483 4227 635 4304; baseline -0.039 0"><span class='ocrx_word' id='word_1_220' title='bbox 483 4227 635 4304; x_wconf 69' lang='lat' dir='ltr'>Cenum·</span> 
     </span>
     <span class='ocr_line' id='line_1_33' title="bbox 430 4331 1531 4434; baseline -0.002 -26"><span class='ocrx_word' id='word_1_221' title='bbox 430 4339 568 4412; x_wconf 76' lang='lat' dir='ltr'>&#39;fabule</span> <span class='ocrx_word' id='word_1_222' title='bbox 585 4337 690 4432; x_wconf 90' lang='lat' dir='ltr'>snper</span> <span class='ocrx_word' id='word_1_223' title='bbox 708 4335 944 4408; x_wconf 79' lang='lat' dir='ltr'>Valerianum</span> <span class='ocrx_word' id='word_1_224' title='bbox 962 4343 1001 4405; x_wconf 90' lang='lat' dir='ltr'>et</span> <span class='ocrx_word' id='word_1_225' title='bbox 1019 4334 1147 4427; x_wconf 89' lang='lat' dir='ltr'>incipit</span> <span class='ocrx_word' id='word_1_226' title='bbox 1173 4331 1205 4405; x_wconf 87' lang='lat' dir='ltr'><em>V</em></span> <span class='ocrx_word' id='word_1_227' title='bbox 1200 4342 1214 4404; x_wconf 78' lang='lat' dir='ltr'>t</span> <span class='ocrx_word' id='word_1_228' title='bbox 1230 4331 1271 4405; x_wconf 80' lang='lat' dir='ltr'>de</span> <span class='ocrx_word' id='word_1_229' title='bbox 1286 4331 1505 4434; x_wconf 70' lang='lat' dir='ltr'>infrascripta</span> <span class='ocrx_word' id='word_1_230' title='bbox 1523 4373 1531 4390; x_wconf 90' lang='lat'><strong>·</strong></span> 
     </span>
     <span class='ocr_line' id='line_1_34' title="bbox 432 4437 1788 4540; baseline -0.007 -19"><span class='ocrx_word' id='word_1_231' title='bbox 432 4451 542 4521; x_wconf 79' lang='lat' dir='ltr'>Liber</span> <span class='ocrx_word' id='word_1_232' title='bbox 559 4448 729 4521; x_wconf 88' lang='lat' dir='ltr'>Ancelmi</span> <span class='ocrx_word' id='word_1_233' title='bbox 746 4457 784 4518; x_wconf 91' lang='lat' dir='ltr'>et</span> <span class='ocrx_word' id='word_1_234' title='bbox 801 4448 929 4540; x_wconf 90' lang='lat' dir='ltr'>incipit</span> <span class='ocrx_word' id='word_1_235' title='bbox 946 4443 1034 4518; x_wconf 75' lang='lat' dir='ltr'>Tres</span> <span class='ocrx_word' id='word_1_236' title='bbox 1051 4437 1214 4518; x_wconf 67' lang='lat' dir='ltr'>trasturas</span> <span class='ocrx_word' id='word_1_237' title='bbox 1226 4482 1235 4501; x_wconf 91' lang='lat'><strong>·</strong></span> <span class='ocrx_word' id='word_1_238' title='bbox 1248 4447 1285 4516; x_wconf 92' lang='lat' dir='ltr'>iu</span> <span class='ocrx_word' id='word_1_239' title='bbox 1299 4445 1454 4518; x_wconf 89' lang='lat' dir='ltr'>secundo</span> <span class='ocrx_word' id='word_1_240' title='bbox 1469 4445 1554 4518; x_wconf 89' lang='lat' dir='ltr'>solio</span> <span class='ocrx_word' id='word_1_241' title='bbox 1570 4444 1788 4525; x_wconf 74' lang='lat' dir='ltr'>Veritatem.</span> 
     </span>
     <span class='ocr_line' id='line_1_35' title="bbox 432 4555 1339 4652; baseline -0.006 -18"><span class='ocrx_word' id='word_1_242' title='bbox 432 4563 624 4634; x_wconf 80' lang='lat' dir='ltr'>Sermones</span> <span class='ocrx_word' id='word_1_243' title='bbox 642 4561 686 4631; x_wconf 88' lang='lat' dir='ltr'>de</span> <span class='ocrx_word' id='word_1_244' title='bbox 704 4558 832 4631; x_wconf 66' lang='lat' dir='ltr'>faustis</span> <span class='ocrx_word' id='word_1_245' title='bbox 849 4568 888 4630; x_wconf 91' lang='lat' dir='ltr'>et</span> <span class='ocrx_word' id='word_1_246' title='bbox 904 4559 1030 4652; x_wconf 91' lang='lat' dir='ltr'>incipit</span> <span class='ocrx_word' id='word_1_247' title='bbox 1047 4555 1094 4630; x_wconf 83' lang='lat' dir='ltr'>In</span> <span class='ocrx_word' id='word_1_248' title='bbox 1112 4556 1226 4632; x_wconf 66' lang='lat' dir='ltr'>Mense</span> <span class='ocrx_word' id='word_1_249' title='bbox 1243 4581 1339 4630; x_wconf 84' lang='lat' dir='ltr'>meo·</span> 
     </span>
    </p>
   </div>
   <div class='ocr_carea' id='block_1_3' title="bbox 0 0 2030 5534">
    <p class='ocr_par' dir='ltr' id='par_1_18' title="bbox 0 0 2030 5534">
     <span class='ocr_line' id='line_1_36' title="bbox 0 0 2030 5534; baseline 0 0"><span class='ocrx_word' id='word_1_250' title='bbox 0 0 2030 5534; x_wconf 95' lang='lat' dir='ltr'> </span> 
     </span>
    </p>
   </div>
  </div>
 </body>
</html>
