4050 5534
411 561 479 630 156
924 553 1229 629 REGIS'I'RUM
1590 559 1743 655 [aucuns

406 758 592 853 opuscopum
623 779 689 831 nou
724 754 839 829 aluum
865 794 873 813 ·
900 754 935 825 {l
960 752 1128 849 [sycarus
1156 754 1262 849 super
1288 764 1393 827 vetus
1422 752 1682 831 testamentum
1706 763 1742 831 iu
1796 740 1801 746 ⁶

408 870 563 942 secundo
580 869 667 941 folio
686 866 799 959 (lucre
810 869 1041 965 aucmpnmo
1056 908 1065 925 ·
1081 865 1115 938 ll
1131 866 1245 940 Tituli
1261 866 1465 941 sermonum
1485 872 1612 962 quinte
1633 875 1746 966 partis

410 982 604 1077 colle&0nj
618 984 655 1053 in
669 980 824 1055 secundo
837 980 923 1051 folio
936 988 1054 1053 conta
1065 977 1185 1053 Adam
1202 1018 1212 1039 ·
1228 980 1263 1053 (l
1280 980 1486 1076 Epilogatio
1502 984 1617 1055 totius
1632 983 1745 1055 biblis

410 1098 446 1165 iu
459 1096 582 1188 papiro
592 1096 629 1166 in
642 1092 797 1166 secundo
814 1092 901 1164 folio
910 1090 1068 1165 Audiens
1082 1088 1208 1165 Jacob·
1220 1092 1256 1165 u
1268 1092 1473 1165 churdus
1483 1094 1529 1165 ad
1540 1094 1745 1190 Eugenium

262 1232 266 1241 ·
411 1215 601 1301 ooopertus
617 1207 655 1277 in
668 1205 905 1298 parohameno
923 1206 960 1275 iu
977 1200 1134 1275 secundo
1150 1203 1238 1275 folio
1250 1202 1368 1299 Neque
1382 1204 1475 1275 enim
1491 1246 1500 1261 ·
1519 1204 1554 1275 (l
1575 1204 1748 1301 Legenda

412 1342 521 1391 aurea
537 1320 574 1389 in
591 1314 747 1390 secundo
760 1316 845 1388 folio
862 1306 1032 1411 defunctu
1043 1313 1166 1387 Morsu
1177 1314 1364 1414 Mapnlenu
1384 1356 1393 1375 ·
1415 1314 1624 1411 (lEpistola
1641 1317 1747 1390 Pauli

412 1432 457 1504 ad
472 1430 654 1503 Romanos
667 1431 704 1501 in
717 1425 872 1501 secundo
889 1426 975 1501 folio
990 1424 1190 1524 Consentiae
1207 1482 1216 1501 .
1235 1427 1269 1500 u
1287 1426 1501 1500 Psalterinm
1517 1426 1695 1523 glosatum
1709 1432 1748 1500 in

411 1543 565 1616 secundo
590 1542 677 1614 folio
707 1538 755 1613 Iu
771 1542 846 1613 uin·
864 1540 899 1610 ll
917 1538 1090 1634 Legenda
1105 1563 1215 1612 aurea
1230 1540 1268 1611 in
1291 1539 1447 1611 secundo
1472 1538 1559 1611 folio
1575 1542 1614 1611 in
1638 1550 1749 1612 textu

413 1655 473 1730 De
481 1647 612 1752 saucio
626 1652 788 1749 Gentcsto
805 1692 814 1711 ·
832 1652 867 1722 ll
885 1648 1099 1723 Psnlterium
1124 1650 1314 1746 pulchrum
1339 1652 1377 1721 in
1401 1647 1558 1723 secundo
1573 1652 1660 1725 lolio
1678 1651 1751 1743 Qui

330 1806 334 1817 ·
412 1768 539 1841 habitat
562 1774 661 1865 caput
684 1788 792 1837 meum
817 1768 854 1837 in
878 1762 982 1837 stallo
1007 1764 1054 1835 de
1079 1760 1174 1833 Elon
1199 1802 1207 1820 ·
1235 1760 1395 1835 (anns
1419 1761 1512 1833 liber
1535 1766 1598 1857 qui
1615 1764 1751 1837 dicitur

414 1906 541 1955 aurora
557 1881 676 1953 editus
692 1879 897 1973 nuperrime
913 1872 1020 1970 super
1034 1873 1147 1947 biblia
1162 1876 1200 1945 in
1216 1870 1372 1947 secundo
1390 1873 1477 1945 folio
1496 1882 1532 1947 ot
1550 1873 1723 1949 Zenona
1739 1919 1749 1935 ·

415 1994 450 2065 {l
476 1992 689 2067 catholicon
719 1988 856 2086 glosata
883 1990 922 2061 in
949 1985 1105 2060 secundo
1138 1985 1224 2057 folio
1255 1977 1440 2083 spefflnaule
1471 2028 1487 2050 ·.
1515 1986 1550 2057 (l
1580 1986 1753 2081 Hysteria

414 2108 568 2179 Troiana
583 2106 621 2177 in
638 2101 793 2177 seeundo
810 2101 896 2174 folio
912 2097 960 2173 Iu
980 2098 1211 2172 Troianorum
1236 2138 1244 2156 ·
1265 2096 1300 2169 (l
1320 2095 1498 2194 Magister
1514 2101 1560 2171 de
1578 2097 1752 2195 Hysteria

416 2218 520 2315 super
543 2216 655 2289 biblia
679 2217 785 2289 datus
809 2236 874 2307 per
898 2208 1108 2308 magistrum
1133 2208 1334 2282 Henricnm
1359 2221 1545 2283 cantorem
1565 2201 1693 2306 incipit
1711 2216 1752 2285 in

413 2332 568 2405 secundo
585 2330 670 2401 folio
696 2336 748 2399 tro
773 2325 1014 2424 dffposttioucm
1036 2364 1046 2381 ·
1070 2322 1105 2395 (l
1131 2321 1241 2394 Liber
1257 2322 1302 2393 de
1318 2319 1555 2396 ecclefiastica
1570 2321 1752 2418 potestate

415 2469 461 2515 ex
479 2444 672 2516 donatione
689 2440 774 2511 diui
788 2434 946 2533 magistri
959 2436 1111 2509 Henrici
1127 2437 1165 2507 in
1182 2431 1338 2506 secundo
1360 2434 1448 2506 folio
1463 2433 1527 2534 Est
1523 2436 1750 2533 spiritualia·

416 2556 526 2627 Liber
542 2555 587 2625 de
607 2546 882 2625 confeffionibus
899 2572 946 2621 ex
963 2550 1158 2621 donatione
1175 2544 1357 2617 Willelmi
1373 2545 1525 2620 Celebre
1541 2551 1604 2642 qui
1620 2550 1752 2644 incipit

414 2667 602 2765 misericors
618 2674 656 2735 et
666 2664 704 2735 in
718 2658 872 2735 secundo
889 2660 975 2733 folio
985 2656 1033 2731 Iu
1051 2658 1289 2755 producemur
1305 2698 1313 2716 ·
1329 2656 1474 2731 (lltem
1491 2663 1649 2755 quinque
1667 2662 1752 2735 libri

414 2784 452 2852 in
469 2804 540 2851 vno
557 2776 740 2851 uolumine
757 2815 766 2832 ·
785 2774 928 2845 Primus
945 2774 990 2845 de
1007 2771 1111 2844 bellis
1128 2767 1348 2842 Alleriorum
1365 2808 1373 2825 ·
1388 2768 1577 2845 Secundus
1587 2775 1633 2845 de
1644 2774 1753 2847 bellis

414 2893 647 2965 Troianorum
665 2888 830 2960 ·Tertius
854 2886 900 2959 dc
916 2884 1022 2959 bellis
1044 2883 1237 2955 Britonum
1254 2922 1264 2941 ·
1279 2881 1438 2967 Quartus
1464 2884 1510 2955 de
1532 2882 1686 2980 pellagio
1704 2888 1752 2959 ad

414 3019 546 3078 terram
562 3001 719 3076 sauan
737 3040 745 3057 ·
764 2999 923 3085 Quintus
940 2998 985 3069 de
1001 2995 1225 3069 mirabilibus
1241 2995 1368 3067 mundi
1391 2997 1519 3089 incipit
1538 3000 1577 3069 in
1592 2995 1751 3071 secundo

255 3108 260 3125 '
415 3118 500 3189 folio
512 3114 602 3189 Dico
613 3122 725 3186 auem
731 3110 896 3208 presidem
917 3133 963 3181 ex
980 3110 1175 3182 donatione
1191 3104 1350 3202 magistri
1361 3106 1512 3181 Henrici
1528 3108 1655 3204 Hervy
1666 3134 1753 3183 can·

413 3232 502 3302 toris
526 3266 535 3285 ·
561 3225 596 3298 (l
621 3225 752 3297 Scotus
777 3224 815 3294 in
840 3221 931 3293 libro
955 3217 1214 3293 sententiarum
1240 3220 1369 3312 incipit
1391 3217 1631 3294 Samaritanus
1655 3232 1694 3293 ct
1711 3224 1751 3293 in

414 3340 569 3413 leoundo
586 3336 672 3409 folio
684 3360 744 3409 uec
760 3357 873 3408 meare
885 3371 894 3389 ·
904 3331 939 3404 (l
949 3329 1165 3419 Questiones
1173 3326 1332 3427 magistri
1343 3329 1368 3402 J
1370 3332 1520 3404 ohannis
1531 3332 1631 3405 Scoti
1644 3332 1752 3427 super

413 3467 488 3527 tres
504 3452 615 3525 libros
640 3448 899 3521 sententiarum
916 3446 954 3517 in
969 3442 1126 3517 secundo
1143 3444 1229 3516 folio
1245 3441 1436 3515 Aadeunt·
1456 3442 1490 3513 u
1508 3442 1634 3517 Vnum
1659 3468 1751 3539 pon-

413 3564 547 3639 tificale
562 3560 745 3656 solempne
756 3582 802 3631 cx
815 3559 909 3629 dono
927 3557 1109 3653 Iugerami
1126 3552 1281 3651 episcopi
1298 3552 1556 3629 Abirdoneufis
1573 3559 1751 3651 incipiens

412 3683 450 3749 iu
467 3673 720 3750 secundofolio
736 3669 955 3745 Souastene
971 3706 979 3727 ·
997 3668 1032 3741 (l
1050 3668 1177 3743 Vnum
1193 3667 1292 3740 aliud
1309 3666 1517 3759 pontificale
1533 3669 1570 3740 in
1592 3666 1750 3741 secundo

413 3790 500 3863 folio
531 3786 627 3861 Ordo
640 3783 774 3882 septem
797 3780 966 3879 pradum
990 3820 999 3837 ·
1022 3781 1058 3851 u
1087 3779 1184 3852 Item
1209 3802 1320 3851 vnum
1350 3778 1449 3851 alind
1477 3780 1685 3873 pontificale
1709 3785 1748 3853 in

412 3901 568 3975 secundo
592 3897 679 3969 folio
705 3893 799 3993 luisti
825 3894 891 3964 -u
921 3890 1082 3966 Vestielo
1105 3902 1144 3964 et
1168 3891 1260 3964 liber
1283 3891 1329 3963 de
1355 3886 1600 3963 ecclesiasticis
1623 3892 1752 3987 officijs

263 4050 265 4059 ,
411 4016 539 4108 incipit
549 4008 747 4083 insecundo
756 4005 842 4079 lolio
851 4003 1090 4099 tcuditstuitis.
1104 4002 1340 4075 llSermones
1351 4000 1610 4097 dequibusdam
1620 3999 1752 4077 sancis

411 4127 540 4219 incipit
568 4124 613 4193 do
640 4118 794 4193 secundo
824 4117 910 4189 lolio
937 4126 1062 4188 textus
1083 4112 1134 4187 Et
1157 4112 1254 4211 asper
1278 4154 1287 4175 ·
1314 4115 1349 4185 ti
1375 4112 1502 4185 Vnum
1526 4115 1694 4187 manuale
1711 4120 1750 4189 in

412 4238 596 4334 peramino
622 4234 749 4326 incipit
784 4232 823 4301 in
848 4229 1002 4302 secundo
1036 4227 1123 4299 folio
1159 4225 1362 4321 Unumque
1385 4249 1433 4297 ex
1457 4226 1552 4298 dono
1586 4225 1748 4323 magistri

412 4350 564 4421 chrici
588 4345 719 4439 Ryndc
737 4385 745 4401 ·
764 4343 798 4413 n
818 4342 944 4415 Vnum
968 4338 1174 4433 pontificale
1198 4338 1374 4432 incipiens
1400 4334 1463 4411 Ad
1476 4336 1621 4435 casulum
1646 4351 1685 4413 et
1711 4344 1751 4415 in

411 4459 565 4535 secundo
583 4456 668 4529 lolio
685 4455 813 4549 incipit
830 4444 1058 4527 Boouata·
