4050 5534
257 659 343 755 xa]
388 715 391 722 .
725 659 1130 738 nannnonnnsn.
1528 678 1599 750 sss

257 859 388 954 Owrye
406 858 529 934 versus
546 864 665 936 oriens
681 872 721 935 et
737 838 967 936 communem
990 863 1086 936 viam
1104 865 1239 960 regiam
1266 865 1386 940 versus
1403 871 1599 943 occiderer

255 983 294 1044 et
312 995 422 1046 vnum
447 997 610 1046 annuum
627 975 810 1049 redditum
827 972 890 1048 sex
916 973 1109 1048 solidorum
1126 977 1207 1052 oco
1225 979 1452 1054 denariorum
1470 983 1516 1055 de
1533 984 1597 1054 tri·

256 1084 323 1157 bus
339 1087 440 1159 rodis
456 1097 555 1159 terre

800 1193 1066 1300 [oecon

251 1535 436 1634 Obligatio
452 1542 603 1613 fratrum
621 1542 887 1637 predicatorum
904 1543 950 1614 de
966 1542 1141 1616 Aberden
1158 1581 1167 1599 ·

254 1739 450 1837 Vniuersis
465 1775 505 1838 et
521 1762 668 1861 singulis
691 1763 811 1838 sanue
835 1767 962 1838 matris
986 1762 1136 1840 ecclefie
1159 1765 1242 1860 filijs
1258 1769 1304 1840 ad
1321 1790 1473 1861 quorum
1499 1771 1594 1842 noti·

250 1876 324 1948 cias
352 1874 536 1971 presentes
563 1878 668 1950 litere
696 1879 929 1971 peruenerint
958 1917 967 1936 ·
1000 1877 1081 1950 Nos
1110 1879 1222 1952 frater
1247 1878 1434 1952 lohannes
1464 1879 1592 1976 Penny

250 1987 399 2060 humilis
424 1992 521 2084 prior
549 1991 683 2063 ordinis
716 1989 983 2083 predicatorum
1013 1990 1059 2062 de
1088 1987 1287 2085 Abyrdene
1317 2000 1355 2064 et
1389 2002 1592 2066 conuentus

250 2099 409 2174 eiusdem
425 2101 578 2175 salutem
603 2143 612 2160 ·
639 2102 822 2187 Quoniam
840 2111 879 2173 vt
904 2103 958 2174 ait
973 2097 1156 2195 apostolus
1172 2124 1299 2174 omnes
1316 2098 1488 2176 stabimus
1505 2115 1592 2177 ente

249 2213 408 2286 tribunal
438 2215 574 2286 domini
603 2211 715 2286 nostri
743 2212 843 2286 Jehn
868 2208 1000 2286 Christi
1026 2215 1208 2307 recepturi
1231 2226 1339 2308 prout
1362 2215 1423 2286 hic
1447 2217 1486 2288 in
1515 2240 1592 2289 cor·

248 2347 335 2419 pore
368 2322 537 2422 gessimus
567 2323 642 2398 sine
669 2305 806 2398 bonum
833 2325 944 2398 suerit
976 2320 1052 2396 srue
1085 2324 1222 2398 malum
1252 2366 1260 2384 ·
1296 2327 1382 2398 hinc
1412 2323 1591 2422 estquod

247 2435 418 2534 magister
433 2436 569 2532 Symon
587 2437 703 2510 Dodis
727 2438 921 2510 canonicus
947 2432 1096 2509 ecclesie
1118 2437 1334 2511 cathedralis
1351 2437 1591 2512 Aberdonen·

247 2547 293 2621 sis
322 2560 362 2622 et
390 2551 646 2643 prebendarius
675 2550 721 2621 de
744 2548 971 2643 Inuernothy
1004 2550 1042 2620 in
1068 2557 1304 2644 augmentum
1328 2550 1442 2622 diuini
1467 2551 1590 2624 cultus

249 2671 287 2734 et
315 2659 622 2756 supportationem
647 2663 872 2756 paupertatis
896 2661 1162 2756 predicatorum
1189 2661 1341 2734 fratrum
1372 2672 1410 2735 et
1433 2686 1591 2736 conuen-

247 2787 309 2848 tus
341 2771 501 2846 eiusdem
529 2775 633 2846 nobis
666 2775 858 2846 caritatine
882 2795 1011 2845 manus
1036 2775 1236 2866 porrexerit
1264 2775 1457 2848 adiutrices
1491 2775 1591 2848 vide·

247 2887 382 2960 delicet
395 2887 635 2982 quadraginta
651 2908 788 2959 marcas
805 2882 937 2958 usualis
962 2895 1110 2958 monete
1134 2887 1237 2980 regni
1263 2883 1386 2959 Scotie
1404 2887 1449 2960 ad
1467 2911 1590 2960 emen-

246 3001 333 3070 dum
350 3008 390 3070 et
405 2998 657 3071 redimendum
674 2999 764 3070 duas
788 3019 928 3070 marcas
943 3007 1041 3068 terre
1057 2992 1132 3068 srue
1148 2999 1259 3070 annui
1276 2998 1439 3070 redditus
1457 2998 1588 3073 vsualis

247 3112 386 3205 prefate
411 3119 559 3182 monete
581 3111 690 3203 priori
707 3119 746 3182 et
763 3109 934 3182 fratribus
950 3109 1082 3202 prefati
1107 3107 1177 3181 loci
1196 3110 1241 3181 de
1258 3108 1431 3182 Aberden
1457 3113 1588 3207 imper-

245 3232 418 3316 petuum·
432 3221 489 3294 De
501 3223 631 3316 quibus
644 3221 790 3316 quidem
804 3220 1043 3316 quadraginta
1055 3221 1184 3294 marcis
1197 3221 1378 3314 prefatum
1390 3223 1586 3317 Symonem

246 3333 363 3408 Dodis
379 3335 416 3408 se
433 3332 513 3406 suos
530 3334 683 3406 heredes
704 3342 918 3406 executores
935 3342 974 3404 et
990 3329 1183 3430 assignatos
1201 3331 1431 3428 quoscunque
1455 3335 1586 3429 imper-

243 3456 397 3543 petuum
413 3445 736 3540 quieteclamamus
749 3469 814 3540 per
830 3442 1015 3539 presentes
1033 3484 1042 3503 ·
1060 3468 1149 3538 quas
1166 3445 1315 3538 quidem
1338 3446 1426 3520 duas
1448 3468 1586 3522 marcas

242 3562 394 3655 predidi
411 3559 523 3632 annui
546 3559 711 3630 redditus
727 3554 776 3630 src
793 3553 957 3630 distribui
982 3558 1145 3630 decreuit
1163 3567 1201 3629 et
1218 3557 1400 3630 ordinauit
1423 3559 1584 3652 prefatus

242 3667 414 3767 magister
423 3668 734 3764 Symonvidelicet
744 3669 852 3762 priori
863 3669 1003 3763 prefato
1014 3680 1053 3742 et
1064 3669 1245 3764 legittime
1255 3665 1584 3744 suissnccessoribns

243 3784 465 3856 intrantibus
491 3779 681 3854 sexdecem
708 3777 839 3852 solidos
863 3791 904 3853 et
928 3781 1009 3853 osto
1035 3780 1199 3854 denarios
1223 3803 1289 3875 pro
1314 3777 1584 3874 supportatione
1606 3833 1611 3838 -

244 3897 363 3967 oneris
379 3892 441 3966 sue
458 3894 585 3965 domus
601 3903 640 3964 et
662 3893 819 3986 reliquos
836 3915 923 3966 vero
940 3892 1066 3990 decem
1088 3890 1219 3965 solidos
1236 3893 1406 3966 fratribus
1422 3895 1582 3987 predicte

244 4007 372 4079 domus
389 4017 428 4078 et
445 4005 579 4077 ordinis
595 4005 686 4076 inibi
703 4006 894 4077 canonicas
918 4005 1024 4076 horas
1049 4005 1184 4082 cotidie
1209 4003 1477 4078 celebrantibus
1493 4009 1582 4078 cari·

242 4121 360 4192 tatiue
389 4114 553 4190 distribui
582 4117 797 4188 ordinauit·
823 4115 1070 4203 Quamobrem
1096 4116 1339 4188 benefacienti
1368 4116 1581 4192 benefacere

242 4229 464 4327 obligatione
489 4228 644 4300 naturali
669 4237 838 4301 tenemur
862 4224 995 4302 astricti
1020 4251 1085 4301 nos
1110 4230 1224 4322 igitur
1245 4229 1342 4321 prior
1364 4239 1402 4302 et
1425 4253 1581 4304 conuen-

242 4355 303 4416 tus
319 4343 455 4415 ordinis
471 4341 620 4436 predibti
634 4340 680 4412 de
692 4338 866 4413 Aberden
879 4341 952 4412 lide
969 4339 1088 4413 media
1105 4338 1308 4434 obligamur
1319 4350 1358 4414 et
1370 4323 1591 4416 successores*

242 4453 382 4528 nostros
407 4452 557 4550 obligari
573 4461 614 4525 et
629 4447 777 4548 astringi
798 4450 965 4524 volumus
988 4474 1053 4546 pro
1071 4473 1141 4524 vna
1165 4447 1266 4525 missa
1282 4453 1327 4525 de
1343 4451 1464 4528 unua
1479 4457 1581 4529 trini-

242 4577 320 4640 tate
342 4563 491 4663 lingulis
507 4565 696 4638 dominicis
720 4561 869 4661 singulis
894 4563 1098 4638 ebdomatis
1122 4565 1309 4660 perpetuis
1335 4566 1466 4652 futuris
1488 4577 1581 4644 tem-
