4050 5534
236 648 315 743 111]
702 647 1104 723 ABERDONENSE.
1374 732 1378 739 ¹
1420 577 1435 601 ¹
1498 665 1566 733 153

237 848 412 921 Pmte8cio
430 850 541 946 Regis
557 872 621 943 pro
639 845 789 921 ecclelia
805 847 1054 922 Aberdonensr
1073 889 1081 906 ·

236 958 346 1055 [Item
359 984 430 1035 vna
442 961 548 1034 litera
559 956 784 1033 alledationis
801 958 849 1033 de
866 962 973 1033 certis
990 961 1134 1035 batellis
1152 964 1245 1035 fatto
1257 964 1379 1035 abbati
1393 963 1566 1037 111111111-

280 1074 428 1147 brothoc
453 1075 499 1146 ad
516 1073 713 1146 terminum
731 1074 982 1145 nouemdeoim
999 1097 1175 1146 annorum
1193 1115 1202 1131 ·

235 1183 326 1256 Item
343 1208 414 1258 vna
430 1184 537 1258 litera
553 1180 804 1257 testimonialia
821 1184 867 1257 de
884 1186 1095 1259 obediencia
1117 1189 1211 1259 iada
1236 1211 1301 1281 per
1325 1189 1493 1261 abbatem
1519 1192 1565 1261 de

280 1296 398 1392 Cupro
416 1299 453 1369 in
471 1292 657 1392 Angusta·

237 1520 408 1595 Fundatio
435 1522 587 1594 duorum
610 1521 877 1615 capellanorum
903 1524 996 1596 11811
1025 1546 1089 1615 per
1122 1518 1333 1617 magistrum
1357 1523 1563 1597 Johannem

280 1632 360 1706 Clat
385 1636 598 1707 canonicum
616 1632 914 1707 Aberdonensem
932 1637 969 1706 in
988 1630 1138 1732 ecclelia
1154 1630 1314 1705 eiusdem
1332 1633 1436 1730 super
1458 1638 1563 1710 altari

279 1746 394 1818 sande
411 1746 589 1819 Katerine
606 1746 754 1840 virginis
772 1788 780 1804 ·

235 1855 349 1929 Primo
376 1872 475 1931 carta
499 1858 545 1929 de
574 1858 781 1929 venditione
807 1854 964 1954 magistri
994 1859 1195 1931 Lauroncie
1221 1858 1306 1929 Piot
1322 1861 1561 1934 archidiaconi

281 1967 543 2043 Aberdoncnfis
561 1970 606 2041 de
625 1992 694 2040 vno
718 1993 839 2042 annuo
855 1971 999 2042 redditu
1012 1972 1058 2042 111
1074 1969 1344 2065 Auehlevynvj
1362 1994 1562 2045 marcarum

279 2106 357 2153 cum
375 2084 498 2154 littera
514 2078 626 2153 safine
643 2090 681 2152 et
698 2078 936 2153 instrumento
950 2078 1167 2176 poll'effionis
1184 2105 1292 2175 quem
1310 2107 1471 2156 annuum
1483 2088 1562 2157 red-

280 2196 391 2266 ditum
425 2194 543 2265 diuus
575 2192 845 2265 archidiaconus
878 2196 968 2265 emit
997 2220 1019 2267 a
1053 2195 1199 2266 domino
1231 2193 1385 2267 Valtero
1419 2196 1586 2293 Ogylvy·

278 2306 458 2377 militent
483 2315 585 2398 patet
611 2328 674 2399 per
700 2306 839 2377 litteras
865 2302 945 2377 suas
962 2308 999 2376 in
1018 2301 1100 2377 srsta
1116 2308 1301 2378 communi
1328 2318 1367 2378 et
1392 2312 1561 2403 precipue

279 2418 435 2491 litteram
458 2414 653 2489 concensus
679 2418 764 2488 diui
781 2418 917 2489 domini
937 2417 1082 2491 Valteri
1101 2431 1140 2490 vt
1157 2420 1273 2491 didtus
1291 2420 1561 2493 archidiaconus

279 2520 487 2603 alienaueri't
504 2530 640 2601 ditium
661 2552 822 2601 annuum
839 2530 1021 2601 redditum
1039 2529 1136 2603 dicho
1154 2526 1322 2625 magistro
1339 2529 1364 2602 J
1366 2531 1498 2603 ohanni
1515 2536 1561 2605 de

277 2642 382 2715 Clat-

235 2754 323 2825 ltem
339 2763 440 2827 carta
449 2753 499 2848 iiij
518 2775 718 2825 marcarum
740 2776 822 2825 cum
836 2753 960 2825 littera
969 2751 1081 2826 safine
1098 2764 1136 2825 ot
1154 2750 1392 2826 instrumento
1409 2755 1561 2851 pollcffi-

277 2870 351 2939 onis
361 2877 565 2961 emptarum
578 2866 623 2937 ab
636 2864 846 2937 Alexandro
857 2866 903 2936 de
915 2864 1050 2938 Forbas
1067 2867 1113 2937 de
1125 2863 1291 2959 Petllego
1308 2867 1355 2937 dc
1372 2871 1477 2938 torris
1490 2867 1561 2940 suis

278 2980 320 3049 de
337 2980 545 3071 Lethindy·

234 3088 320 3161 ltem
341 3102 442 3163 carta
468 3091 604 3185 vigenti
626 3086 817 3159 solidorum
845 3092 949 3160 vnius
969 3093 1080 3161 annui
1098 3090 1259 3161 redditus
1283 3093 1397 3185 empti
1419 3118 1442 3165 a
1466 3093 1561 3164 Wil-

277 3202 381 3273 lelmo
400 3204 481 3273 Red
498 3202 543 3273 de
560 3196 720 3273 Coliston
740 3223 823 3272 cum
842 3201 965 3273 1111111
990 3199 1101 3273 saline
1118 3211 1157 3272 et
1174 3199 1412 3275 instrumento
1435 3201 1560 3298 polles-

278 3312 379 3386 sronis
396 3338 467 3386 vna
483 3337 563 3385 curn
586 3312 708 3384 littera
725 3312 871 3384 licentis
889 3314 1106 3383 venditionis
1124 3339 1146 3385 a
1162 3314 1307 3385 domino
1325 3316 1371 3386 de
1389 3316 1560 3388 Fillortht
1667 3350 1681 3385 ο

277 3450 381 3521 aquo
399 3434 503 3498 tenet
520 3425 565 3496 de
582 3427 687 3495 terris
703 3423 774 3495 suis
788 3426 832 3495 de
851 3424 949 3517 Lytil
968 3424 1224 3520 Drumgvvedyl
1241 3466 1249 3482 ·

235 3538 322 3610 ltcm
339 3552 438 3612 carta
454 3539 590 3610 domini
616 3532 726 3607 nostri
743 3538 837 3631 regis
854 3536 899 3608 de
916 3539 1195 3611 mortificatione
1221 3540 1397 3612 dictorum
1423 3566 1560 3613 annuo-

278 3676 352 3726 rum
378 3652 586 3723 reddituum
620 3646 894 3743 prescriptorum
930 3687 939 3704 ·
975 3649 1074 3721 Item
1099 3660 1200 3723 carta
1224 3653 1373 3744 predicti
1400 3651 1558 3749 magistri

279 3764 300 3834 J
303 3766 449 3838 ohannis
463 3764 509 3834 de
525 3763 719 3835 donatione
730 3760 929 3854 capellanie
940 3762 1117 3833 1118111111
1131 3774 1332 3835 annuorum
1351 3766 1558 3838 reddituum

279 3878 313 3948 in
330 3871 479 3949 ecclelia
494 3858 690 3947 cathedrali
708 3870 957 3945 Aberdonensr
972 3875 1017 3946 ad
1034 3876 1148 3946 altare
1165 3875 1382 3969 prelibatum
1400 3919 1408 3933 ·

234 3986 321 4060 ltem
338 4000 437 4063 carta
453 3988 583 4083 prefati
600 3983 758 4081 magistri
771 3986 795 4057 J
798 3986 948 4057 ohannis
966 3987 1011 4057 de
1030 3989 1160 4058 ceteris
1173 3988 1374 4059 redditibus
1387 3989 1433 4060 de
1446 3988 1560 4084 burgo

279 4102 319 4173 de
342 4102 540 4173 Aberdene
565 4099 610 4169 de
637 4099 828 4169 duodecim
853 4100 984 4169 marcis
1008 4110 1049 4168 vt
1078 4107 1182 4193 patet
1207 4101 1244 4168 in
1271 4122 1341 4171 vna
1366 4101 1559 4173 indentura

277 4216 368 4285 11111
376 4213 556 4307 prefatum
567 4208 774 4305 magistrum
782 4208 987 4281 Johannem
998 4220 1038 4281 et
1047 4219 1218 4304 nepotem
1229 4208 1332 4281 suum
1341 4210 1558 4283 Duneanum

278 4325 430 4397 declat
456 4326 598 4396 iacente
623 4324 660 4392 in
687 4318 774 4394 cista
799 4326 981 4393 communi
1009 4318 1159 4395 ecclesie
1186 4322 1400 4394 cathedralis
1427 4363 1434 4380 ·
1460 4323 1557 4396 Item

276 4446 371 4509 carta
394 4435 597 4507 donationis
624 4436 753 4528 prefati
780 4428 939 4528 magistri
966 4434 1144 4507 lobannis
1169 4435 1215 4505 de
1241 4436 1335 4506 111811
1361 4437 1560 4530 capellania

276 4548 421 4619 fundata
438 4550 476 4618 in
493 4542 643 4619 ecclelia
665 4544 865 4617 cathedrali
888 4546 934 4617 ad
951 4547 1088 4618 ditium
1112 4546 1225 4617 altare
1251 4545 1359 4617 beate
1384 4545 1561 4620 Katerine

278 4662 418 4755 virginis
431 4658 459 4753 .]

276 4790 355 4843 von.
376 4792 415 4841 11.
451 4797 467 4819 ³
880 4792 905 4841 u
