4050 5534
428 659 478 726 84
950 644 1256 720 REGISTRUM
1620 652 1772 746 [sucum

431 852 478 922 In
497 849 736 922 Durarcmus
754 847 888 918 Fusus
904 868 1031 917 omnes
1044 855 1198 938 quatuor
1211 847 1367 917 restores
1385 841 1489 918 simul
1507 857 1626 919 totum
1644 852 1776 923 inuita·

431 964 564 1033 torium
591 969 741 1032 cantent
768 968 965 1051 antequam
992 981 1015 1028 a
1041 957 1149 1027 choro
1175 965 1362 1050 repetatur
1387 969 1425 1029 et
1451 968 1572 1030 totum
1600 959 1773 1055 psalmum

431 1093 575 1145 vunrnn
588 1068 693 1142 simul
706 1079 858 1142 cantent
875 1111 884 1128 ·
903 1069 1035 1140 deinde
1053 1068 1259 1160 principalis
1276 1071 1392 1141 rector
1409 1083 1447 1140 et
1463 1067 1547 1141 suus
1560 1072 1774 1146 collateralis

434 1183 537 1257 srmul
555 1205 730 1278 ympnum
756 1183 929 1274 incipiant
948 1189 986 1251 et
1003 1177 1157 1274 psalmos
1178 1181 1347 1252 intonent
1365 1219 1373 1238 ·
1393 1191 1430 1253 ct
1448 1177 1677 1256 secundarius
1694 1209 1774 1256 oum

433 1297 495 1369 sua
511 1293 710 1368 collaterali
728 1316 775 1364 ex
793 1302 896 1386 parte
913 1289 975 1363 sua
991 1291 1121 1362 eodem
1144 1289 1252 1360 modo
1270 1287 1306 1360 se
1322 1301 1425 1384 gerat
1442 1303 1607 1386 preterea
1623 1291 1686 1388 ipsi
1705 1298 1775 1368 col-

433 1407 601 1481 laterales
618 1402 810 1478 verfioulos
828 1413 867 1476 et
885 1421 1159 1474 sunumcssrus
1176 1401 1367 1495 iniungant
1384 1441 1392 1458 ·

434 1521 496 1590 Ad
511 1519 670 1591 Primam
684 1514 902 1588 collateralis
919 1537 966 1585 ex
984 1525 1088 1607 parte
1106 1512 1203 1584 chori
1222 1509 1481 1606 responsorium
1494 1516 1520 1588 J
1522 1537 1591 1590 ssu
1606 1519 1775 1592 Cnnrsrs

434 1633 601 1724 iniungat
622 1670 630 1686 ·

435 1742 496 1813 Ad
523 1738 665 1812 Missam
685 1763 770 1810 vero
791 1736 999 1832 principalis
1019 1735 1137 1807 redtor
1160 1757 1301 1809 anostra
1322 1759 1362 1809 nr
1382 1759 1559 1813 exentera
1584 1765 1606 1813 a
1629 1757 1776 1817 cantore

435 1863 563 1948 querat
589 1863 627 1924 et
653 1849 826 1924 sacerdoti
854 1851 1021 1943 iniungat
1055 1859 1176 1920 cetera
1202 1859 1325 1921 autem
1354 1853 1475 1924 omnia
1509 1848 1600 1926 licut
1626 1857 1663 1926 in
1700 1853 1777 1928 lim-

434 1966 589 2060 plicibus
616 1964 661 2035 de
687 1963 827 2034 duobus
854 1961 990 2030 dictum
1021 1955 1075 2030 est
1104 1969 1365 2052 exequantur·
1394 1961 1567 2036 Preterea
1595 1964 1775 2040 sciendum

435 2075 490 2149 est
517 2070 657 2168 quodsi
676 2074 804 2167 aliquis
829 2069 1010 2144 restorum
1039 2070 1136 2142 chori
1164 2073 1201 2141 in
1220 2067 1439 2165 simplicibus
1465 2071 1563 2147 festis
1590 2079 1627 2148 in
1654 2081 1778 2153 tabula

435 2186 603 2261 scribitur
618 2186 663 2258 ad
682 2185 903 2257 cantandum
921 2180 1016 2253 solus
1033 2205 1184 2275 cappam
1202 2179 1351 2256 sericam
1368 2187 1514 2256 iuterim
1532 2211 1604 2259 nou
1623 2191 1778 2284 deponat

436 2297 605 2372 srautem
630 2320 713 2370 cum
740 2296 861 2388 aliquo
888 2295 1091 2365 cantauerit
1108 2294 1145 2364 in
1164 2293 1290 2366 habitu
1314 2291 1350 2366 ss
1376 2295 1429 2366 illi
1455 2299 1657 2373 conformet
1674 2343 1683 2360 ·
1703 2329 1779 2396 pre·

436 2424 538 2482 terea
554 2406 580 2481 li
598 2410 643 2482 ad
667 2409 863 2502 legendum
888 2402 1055 2476 scribitur
1081 2404 1246 2476 habitum
1274 2405 1475 2502 legentium
1502 2421 1605 2483 extra
1631 2414 1778 2490 chorum

437 2521 614 2594 assumat·

489 2754 547 2824 De
564 2749 805 2825 alternatione
823 2749 922 2820 chori
940 2771 1004 2841 per
1021 2745 1239 2842 septimanas
1256 2741 1406 2817 ecclesis
1421 2745 1703 2823 Abbirdonensrs
1721 2795 1728 2810 ·

438 2979 604 3053 Alternis
631 2976 729 3047 enim
762 2974 899 3044 vicibus
927 2994 991 3064 per
1016 2969 1233 3063 septimanas
1260 2965 1330 3040 else
1357 2969 1466 3042 debet
1492 2959 1621 3045 eliorus
1645 2971 1780 3050 scilicet

439 3115 510 3164 vna
525 3089 725 3183 septimana
742 3107 789 3155 ex
806 3092 909 3177 parte
926 3083 1052 3153 decani
1071 3092 1109 3152 et
1127 3081 1197 3153 alia
1214 3105 1260 3152 ex
1278 3092 1381 3173 parte
1405 3086 1561 3156 cantoris
1578 3124 1586 3139 ·
1605 3085 1650 3157 Iu
1668 3093 1782 3161 omni-

439 3207 506 3276 bus
536 3210 661 3272 tamen
688 3191 787 3267 sestis
816 3193 1021 3287 duplicibus
1048 3189 1188 3285 semper
1214 3193 1324 3263 debet
1354 3189 1423 3264 else
1451 3194 1580 3267 chorus
1604 3222 1649 3270 ex
1681 3215 1781 3293 parte

440 3313 567 3386 decani
596 3332 661 3404 per
687 3317 807 3378 totum
833 3326 968 3376 annum
994 3299 1021 3373 sr
1048 3303 1156 3375 fuerit
1180 3305 1230 3375 ibi
1256 3303 1491 3396 personaliter
1517 3307 1660 3402 presens
1688 3317 1781 3405 quod

440 3428 604 3498 diuinum
622 3419 779 3492 officium
796 3414 924 3487 inillis
941 3411 1040 3485 sestis
1063 3424 1267 3508 exequatur
1283 3412 1349 3486 nisr
1367 3419 1405 3488 in
1425 3419 1625 3494 ebdomada
1651 3427 1782 3496 natiui-

437 3539 526 3610 tatis
554 3533 690 3606 domini
712 3527 840 3624 pasche
857 3537 896 3598 et
913 3522 1167 3621 penthecostes
1185 3536 1274 3597 tunc
1292 3529 1389 3598 enim
1412 3530 1449 3600 in
1476 3530 1548 3602 illis
1573 3531 1672 3606 sestis
1699 3561 1783 3608 con-

438 3650 551 3722 tinuis
577 3643 780 3739 duplicibus
808 3635 956 3735 siugulis
981 3639 1110 3710 diebus
1135 3639 1265 3709 chorus
1291 3649 1480 3711 mutatur·
1500 3641 1544 3713 In
1571 3645 1781 3736 quibusdam

439 3773 563 3833 tamen
581 3752 804 3849 temporibus
828 3753 913 3823 anni
932 3773 1005 3821 non
1033 3773 1097 3842 per
1123 3747 1341 3843 septimanas
1358 3749 1418 3822 sed
1437 3775 1501 3845 per
1523 3749 1679 3848 singulos
1707 3761 1782 3830 dics

439 3875 568 3946 chorus
593 3875 757 3938 mutatur
780 3859 917 3934 scilicet
934 3886 956 3932 a
972 3861 1032 3931 die
1050 3861 1231 3932 dominica
1257 3862 1422 3954 proxima
1447 3873 1533 3936 ante
1550 3870 1781 3942 natiuitatem

439 3983 583 4077 quaudo
608 3981 646 4050 in
669 3974 817 4048 sabbato
843 3974 1008 4066 proximo
1026 3973 1244 4065 precedente
1269 3973 1397 4044 chorus
1423 3984 1575 4069 vterque
1601 3981 1785 4072 perficitur

437 4094 548 4188 nsque
574 4093 619 4163 ad
647 4091 790 4159 octonas
815 4085 1007 4177 epiphanie
1025 4078 1051 4152 fi
1069 4085 1106 4154 in
1125 4083 1305 4156 dominica
1331 4088 1495 4158 euenerit
1512 4126 1520 4143 ·
1539 4088 1578 4160 Si
1605 4102 1727 4164 autem
1745 4099 1782 4166 in

437 4206 558 4298 aliqua
574 4201 693 4273 media
706 4199 795 4269 seria
807 4196 1001 4290 contigerit
1016 4205 1104 4266 tunc
1121 4196 1167 4266 ad
1185 4195 1386 4289 proximam
1401 4197 1617 4272 dominicam
1636 4201 1784 4297 sequen·

439 4329 514 4389 tem
538 4311 787 4386 obseruabitur
804 4303 858 4378 -sr
885 4309 983 4378 enim
1009 4307 1046 4376 in
1072 4308 1236 4398 proximo
1263 4306 1423 4379 Sabbato
1441 4319 1527 4382 aute
1551 4316 1782 4389 natiuitatem

438 4451 512 4499 non
529 4426 638 4496 suerit
660 4417 862 4494 vicillitudo
888 4415 1070 4510 vtrivsque
1093 4417 1191 4488 chori
1220 4420 1354 4511 pariter
1377 4421 1559 4515 completa
1582 4435 1670 4498 tuuc
1687 4454 1709 4500 a
1727 4431 1783 4502 die

438 4535 642 4610 natiuitatis
666 4530 815 4603 Domini
842 4527 951 4623 nsque
969 4529 1014 4600 ad
1032 4527 1232 4623 predictum
1261 4532 1457 4604 terminum
1485 4531 1631 4630 singulis
1658 4542 1783 4613 diebus

1141 4651 1159 4682 δ
