4050 5534
260 653 362 748 xvi]
729 652 1133 728 aananoueusu.
1530 665 1599 733 aar

256 860 399 929 oriente
428 863 467 926 et
496 863 631 927 terram
659 852 861 927 Alexandri
887 853 1064 926 Watsone
1099 879 1145 928 ex
1185 858 1372 929 occidente
1410 862 1595 930 annuatim

256 992 308 1038 xx
341 971 371 1040 ἔ.
427 967 525 1039 Item
562 967 609 1038 de
636 975 734 1039 terra
770 957 952 1058 quondam
988 965 1170 1039 Willelmi
1196 965 1345 1042 Andree
1380 969 1521 1042 iacente
1559 973 1596 1042 in

256 1081 384 1150 eodem
407 1081 486 1151 vieo
511 1081 609 1150 inter
632 1088 767 1152 terram
791 1075 951 1173 magistri
978 1075 1158 1151 Willelmi
1185 1077 1406 1152 Leuinstone
1432 1104 1477 1151 ex
1504 1085 1597 1154 ocei-

255 1192 366 1263 dente
390 1200 430 1262 et
454 1200 588 1262 terram
612 1188 791 1263 Jolrannia
811 1189 949 1279 Kintor
973 1213 1020 1262 ex
1047 1194 1185 1264 oriente
1207 1191 1271 1287 xiij
1298 1194 1327 1265 ἔ.
1345 1194 1396 1286 iiij
1424 1191 1459 1264 (l.
1486 1203 1525 1264 et
1550 1195 1596 1267 de

256 1304 396 1375 duabus
412 1305 517 1374 terris
533 1297 679 1374 infimul
691 1304 894 1375 iacentibus
906 1325 954 1374 ex
970 1303 1098 1374 boriali
1112 1313 1215 1397 parte
1233 1305 1278 1376 de
1296 1303 1331 1376 le
1344 1300 1595 1377 Huosterrawe

256 1415 341 1485 dieti
358 1417 462 1510 burgi
479 1415 575 1485 inter
592 1422 726 1486 terram
742 1416 924 1507 quondam
949 1411 1110 1510 magistri
1133 1415 1159 1486 J
1160 1417 1310 1489 ohannis
1327 1416 1411 1488 (llat
1429 1441 1474 1488 ex
1492 1428 1595 1511 parte
1627 1442 1631 1452 ·

256 1526 470 1606 oecidentali
488 1535 527 1598 et
539 1537 677 1630 terram
701 1526 823 1598 Dauid
849 1526 930 1598 Hill
947 1550 994 1599 ex
1011 1538 1114 1621 parte
1140 1530 1305 1603 orientali
1322 1528 1409 1625 xxvj
1428 1533 1458 1602 ἔ.
1476 1530 1536 1625 viij
1556 1529 1592 1602 e.

256 1637 352 1710 Item
365 1639 411 1712 de
420 1638 508 1711 villa
518 1639 563 1711 de
575 1636 787 1733 Esehintuly
797 1641 836 1710 in
848 1638 976 1711 Durris
988 1638 1051 1735 xiij
1067 1642 1096 1712 ἔ.
1110 1639 1159 1736 iiij
1175 1640 1211 1713 d.
1226 1651 1264 1714 et
1281 1639 1388 1713 soluti
1405 1644 1593 1714 annuatim

254 1775 319 1846 per
335 1750 360 1823 J
361 1753 540 1824 ohannem
557 1749 715 1822 Knowis
723 1754 761 1822 in
780 1749 967 1824 Abirdene
993 1794 1002 1810 ·
1020 1750 1118 1823 Item
1135 1754 1181 1824 de
1197 1753 1284 1825 villa
1299 1753 1345 1824 de
1362 1747 1593 1846 Balquhoran

253 1867 291 1935 in
310 1864 458 1936 baronia
480 1865 527 1936 de
552 1863 716 1935 Findone
733 1862 772 1934 xl
789 1864 819 1934 i„
836 1861 891 1935 set
916 1863 1146 1936 dominusne
1165 1864 1278 1937 Mane
1304 1863 1411 1937 soluit
1430 1867 1475 1938 de
1492 1877 1594 1939 tene-

252 1987 379 2048 mento
394 1974 457 2048 suo
474 1978 512 2049 in
534 1975 699 2049 Abirden
726 1975 896 2049 videlieet
921 1975 958 2047 le
975 1975 1117 2047 Rownd
1141 1975 1258 2048 Tabill
1282 1977 1470 2048 annuatim
1495 2001 1546 2049 xx
1563 1982 1592 2051 ἔ.

253 2089 351 2160 Item
367 2111 433 2182 per
448 2084 743 2183 eompofitionem
759 2112 823 2182 pro
841 2089 950 2160 eertia
974 2088 1107 2161 debitia
1124 2089 1220 2159 inter
1244 2079 1464 2160 executores
1481 2113 1594 2182 quon-

253 2205 337 2274 dam
354 2199 513 2298 magil’ui
538 2201 728 2296 Laurenoij
747 2201 843 2295 Pyot
867 2209 907 2271 et
931 2199 1130 2296 Georgium
1156 2196 1274 2271 Lessie
1299 2201 1344 2272 de
1361 2199 1478 2284 Quhit
1495 2200 1602 2273 Coris

253 2315 327 2410 ipse
344 2315 524 2410 Georgius
541 2311 657 2386 hessie
682 2325 830 2386 tenetur
846 2315 932 2386 dare
957 2322 1093 2386 cartam
1120 2310 1219 2384 suam
1236 2319 1275 2384 et
1292 2310 1443 2405 desuper
1467 2309 1594 2407 polles-

208 2491 222 2510 ,
253 2425 389 2500 fiunem
406 2452 448 2500 ae
465 2450 530 2522 pro
541 2428 606 2520 xiij
624 2429 654 2498 ἔ.
672 2429 723 2521 iiij
740 2424 778 2498 u.
795 2427 842 2498 ad
855 2426 991 2498 diaum
1007 2424 1122 2496 altare
1134 2421 1247 2496 saneti
1260 2423 1408 2495 Andree
1425 2424 1471 2496 de
1488 2429 1593 2498 terris

253 2540 324 2612 suis
351 2542 399 2612 (le
415 2541 532 2626 Quhit
556 2538 651 2611 Oros
669 2539 727 2610 vel
745 2533 1022 2632 Glasgowforest
1048 2547 1156 2631 prout
1180 2533 1349 2631 magister
1373 2533 1593 2610 Laurentius

254 2653 348 2746 Pyot
375 2649 631 2724 conscientiam
653 2649 753 2722 suam
779 2649 943 2720 onerauit
972 2658 1013 2719 vt
1043 2657 1146 2742 patet
1170 2647 1235 2742 per
1259 2647 1358 2720 suam
1384 2646 1593 2743 scripturam

252 2765 458 2839 manualem
491 2785 601 2856 qnam
634 2760 809 2834 summam
849 2761 913 2854 xiij
945 2763 974 2833 ἔ.
1000 2762 1052 2854 iiij
1088 2758 1127 2832 u.
1153 2762 1269 2833 dietus
1303 2759 1482 2856 Georgius
1515 2787 1594 2857 gra·

171 2910 177 2923 ·
251 2889 374 2951 tanter
398 2876 587 2950 annuatim
613 2872 841 2970 persoluebat
866 2874 913 2945 ad
937 2872 1111 2968 plurimos
1137 2894 1250 2944 annon
1266 2869 1462 2944 tranlastoa
1486 2886 1594 2966 prout

251 2991 296 3062 ad
321 2986 464 3083 prosena
488 2988 576 3059 faoit
593 3027 602 3044 ·
621 2985 719 3059 Item
745 2995 866 3058 totum
896 2986 987 3058 illud
1015 2993 1267 3058 tenementum
1292 2979 1367 3054 fille
1393 2994 1525 3057 terram
1547 2989 1593 3060 de

250 3125 346 3174 nono
363 3097 602 3172 eonstruttam
617 3101 796 3172 iacentem
813 3102 851 3170 in
869 3095 1101 3171 vnlnerfitate
1126 3090 1367 3168 Abirdonenfi
1384 3098 1480 3168 inter
1495 3122 1593 3170 eom-

249 3236 398 3286 mnnem
411 3215 507 3285 viam
518 3214 655 3308 regiam
672 3236 720 3284 ex
736 3213 903 3283 orientali
920 3235 968 3283 ex
984 3235 1057 3282 vna
1069 3219 1107 3282 et
1119 3220 1233 3281 terrea
1251 3209 1297 3278 de
1314 3206 1451 3280 Setone
1469 3233 1515 3282 ex
1534 3235 1592 3282 oe-

250 3327 422 3400 oidentali
458 3326 622 3420 partibus
659 3324 705 3395 ab
734 3325 849 3396 altera
873 3333 912 3394 et
941 3334 1075 3394 terram
1104 3322 1285 3415 qnondam
1315 3317 1473 3417 magistri
1506 3321 1590 3396 Aule

250 3439 420 3512 Gordone
449 3435 571 3509 versus
595 3433 755 3509 austrum
781 3445 819 3507 et
844 3457 1074 3507 communem
1099 3432 1278 3505 venellam
1300 3431 1419 3504 versus
1444 3435 1590 3506 boream

247 3575 319 3644 que
347 3573 445 3622 nunc
470 3551 535 3622 dat
558 3550 747 3621 annuatim
773 3551 807 3642 vj
836 3548 898 3619 lit.
926 3549 964 3642 iij
993 3548 1023 3619 ἔ.
1053 3547 1103 3640 iiij
1121 3543 1157 3616 u.
1175 3555 1214 3616 et
1230 3569 1257 3615 x
1274 3546 1303 3617 t.
1331 3545 1476 3616 domino
1502 3546 1591 3640 epis-

249 3688 339 3758 copo
365 3703 374 3720 ·
400 3662 572 3733 videlieet
596 3663 636 3732 in
660 3662 768 3733 domo
791 3661 962 3733 anteriori
986 3657 1070 3730 sunt
1087 3666 1242 3750 quatuor
1263 3657 1429 3729 ehamere
1456 3667 1494 3728 et
1520 3681 1590 3730 vna

249 3777 400 3846 taberna
414 3784 455 3846 et
472 3772 636 3866 quelibet
655 3775 822 3844 ehamera
846 3774 909 3846 dat
926 3772 1114 3844 annuatim
1139 3771 1226 3863 xviij
1244 3772 1274 3842 ἔ.
1292 3779 1332 3841 et
1352 3769 1502 3842 taberna
1527 3773 1587 3865 viij

248 3890 276 3960 ἔ.
315 3884 454 3959 summe
492 3887 600 3957 huiua
632 3885 684 3978 iiij
719 3885 783 3956 lin.
810 3894 857 3956 et
889 3887 1017 3956 domus
1056 3883 1206 3954 interior
1238 3904 1322 3953 eum
1352 3881 1518 3954 ehamera
1550 3895 1588 3955 et

246 4002 411 4094 ooquitra
434 4008 474 4070 et
502 4009 583 4070 orto
608 3995 715 4068 soluit
741 3998 830 4069 milri
859 3999 1046 4069 annuatim
1074 3995 1137 4088 xiij
1164 3996 1193 4065 ἔ.
1223 3993 1275 4087 iiij
1303 3991 1339 4064 d.
1373 4003 1412 4065 et
1442 3995 1587 4066 domino

247 4110 413 4206 episeopo
437 4135 464 4181 x
500 4112 531 4182 ἔ.
582 4108 633 4180 Et
665 4109 738 4183 alia
768 4110 897 4180 domun
922 4107 1050 4181 versus.
1066 4102 1225 4178 austrum
1255 4103 1362 4177 soluit
1400 4129 1450 4176 xx
1486 4109 1515 4176 ἔ.
1549 4117 1586 4178 et

246 4224 431 4296 demusin
447 4244 518 4313 qua
540 4217 613 4292 stat
629 4221 756 4292 fornax
782 4244 808 4291 x
832 4224 861 4294 ἔ.
877 4232 918 4295 et
934 4223 1085 4294 horeum
1109 4237 1183 4288 non
1209 4213 1385 4290 affedatnr
1409 4218 1516 4290 alicui
1541 4221 1587 4291 ad

245 4334 391 4429 presens
408 4373 418 4390 ·
436 4333 486 4405 Et
507 4356 619 4404 vnum
637 4355 798 4404 annuum
823 4336 1006 4406 redditum
1031 4356 1056 4402 x
1074 4335 1112 4404 fi.
1131 4331 1177 4402 de
1199 4340 1297 4402 terna
1313 4329 1461 4402 Andree
1485 4329 1587 4403 Ken-

245 4457 352 4542 nerty
386 4446 528 4518 iacente
557 4448 597 4519 in
626 4446 755 4518 eadem
788 4444 1022 4520 uniuerlitate
1049 4437 1291 4516 Abirdonenfi
1325 4443 1422 4514 inter
1454 4452 1587 4515 terram

245 4559 423 4632 Johannia
439 4559 547 4655 gang
563 4584 609 4632 ex
626 4555 774 4631 australi
800 4569 839 4632 et
864 4569 998 4632 terram
1017 4555 1198 4628 Willelrni
1217 4553 1381 4628 Wilsone
1398 4577 1444 4626 ex
1462 4556 1586 4628 boriali
