4050 5534
406 619 452 684 aa
927 607 1236 683 aamercort
1573 581 1576 586 ’
1605 613 1760 708 [sacua

407 814 598 883 decentem
624 805 914 902 superpellicium
933 808 1104 878 videlicet
1129 831 1277 900 cappam
1303 809 1443 902 nigram
1468 833 1551 880 cum
1579 811 1762 883 almachio

408 927 510 1018 nigro
538 924 674 991 forrato
705 922 797 992 citra
821 915 957 990 instans
982 917 1114 990 festum
1140 920 1238 990 beati
1265 919 1463 992 Michaelis
1488 919 1553 992 sub
1579 944 1674 1014 pena
1699 921 1761 994 sex

408 1035 601 1106 solidorum
620 1043 658 1102 et
676 1032 756 1102 osto
775 1033 1004 1102 denariorum
1024 1075 1032 1090 ·

411 1147 508 1218 Item
526 1146 621 1238 quod
639 1146 794 1236 quilibet
816 1146 1010 1214 canonicus
1028 1141 1218 1215 satisfaciat
1237 1141 1394 1215 stallario
1411 1143 1474 1214 suo
1492 1146 1538 1215 de
1556 1142 1619 1215 suo
1635 1143 1761 1216 salario

412 1260 505 1330 insra
522 1258 727 1349 quindecim
747 1257 823 1328 dies
840 1252 920 1349 post
937 1253 1127 1348 quodlibet
1145 1253 1299 1328 stadium
1324 1252 1387 1326 sub
1411 1278 1506 1348 pena
1523 1257 1763 1351 quadraginta

414 1372 668 1442 denariorum·

415 1482 512 1553 Item
538 1482 633 1572 quod
661 1478 815 1571 quilibet
840 1480 1034 1550 canonicus
1057 1477 1134 1548 lieri
1162 1477 1271 1548 faciat
1299 1475 1537 1549 sufficientem
1562 1476 1761 1551 clausuram

415 1603 501 1666 ante
525 1602 563 1663 et
586 1617 609 1662 a
630 1591 744 1663 latore
770 1600 808 1660 et
826 1591 937 1661 etiam
963 1600 1059 1660 rotro
1084 1584 1109 1658 fi
1133 1611 1277 1681 porcam
1303 1589 1435 1660 babeat
1461 1591 1555 1661 infra
1581 1613 1718 1662 annum
1741 1617 1763 1662 a

417 1701 506 1776 sesto
523 1703 683 1797 preditto
699 1699 767 1773 sub
784 1725 878 1794 pena
895 1703 1021 1772 decem
1039 1698 1234 1772 solidorum
1252 1739 1260 1755 ·

417 1817 468 1887 Et
491 1816 586 1908 quod
613 1837 739 1886 omnes
764 1810 830 1884 iste
856 1837 949 1906 pene
967 1815 1004 1884 in
1022 1813 1248 1904 reparatione
1275 1810 1448 1882 librorum
1466 1807 1762 1885 vestimentorum

418 1928 642 2018 aliorumque
655 1921 927 1996 necessariorum
940 1921 1090 1996 ecclesio
1104 1933 1303 1996 memorate
1316 1933 1424 2017 prout
1438 1926 1553 2018 magis
1566 1927 1764 2018 expediens

417 2041 528 2111 fuerit
544 2038 701 2109 fideliter
717 2046 977 2109 conuertentur
994 2077 1002 2092 ·
1023 2046 1061 2106 et
1078 2037 1123 2106 ad
1141 2034 1209 2105 beo
1226 2037 1348 2106 omnia
1364 2045 1403 2106 et
1421 2031 1559 2130 singula
1586 2048 1762 2130 perpetuo

419 2162 457 2222 et
475 2149 734 2222 inuiolabiliter
745 2146 967 2220 obseruanda
980 2159 1055 2220 tam
1069 2146 1238 2218 Decanus
1251 2146 1498 2218 Cancellarius
1511 2146 1765 2222 Thesaurarius

344 2333 347 2338 .
418 2264 707 2335 Arcbidiaconus
724 2271 763 2331 ot
781 2259 1017 2332 Subdecanus
1035 2282 1143 2352 quam
1165 2259 1276 2330 etiam
1303 2281 1429 2330 omncs
1447 2269 1486 2329 et
1503 2255 1632 2354 singuli
1659 2285 1766 2334 cano-

419 2375 491 2446 nici
517 2372 704 2466 subscripti
730 2370 865 2442 scilieet
892 2368 1062 2465 magister
1087 2369 1275 2442 Gilbertus
1301 2367 1518 2466 Armslrang
1544 2413 1553 2428 ·
1579 2372 1766 2446 Jobannes

420 2486 529 2556 Mora
554 2525 563 2541 ·
590 2484 802 2554 Alexander
826 2485 872 2554 de
897 2483 1099 2576 Culchoyse
1125 2523 1133 2540 ·
1158 2481 1371 2553 Willelmus
1398 2482 1443 2554 de
1470 2483 1600 2554 Rubeo
1629 2485 1765 2557 fonto·

419 2598 576 2668 Thomas
608 2594 736 2688 Trayle
767 2634 775 2651 ·
808 2593 919 2688 llugo
953 2595 999 2665 de
1034 2594 1187 2666 Dunbar
1217 2635 1224 2652 ·
1256 2595 1442 2666 Johannes
1474 2596 1519 2665 de
1549 2595 1765 2691 Botbuylo·

419 2710 606 2781 Jobannes
631 2707 677 2777 dc
705 2707 828 2777 Marre
854 2745 863 2764 ·
885 2705 1073 2778 Jobannes
1099 2708 1144 2777 de
1170 2707 1384 2801 Edynbame
1409 2747 1417 2764 ·
1444 2705 1568 2781 Isaaoh
1595 2707 1766 2782 Oliueri·

419 2819 606 2892 Johannes
624 2815 816 2912 Wildguse
839 2859 847 2874 ·
874 2817 1098 2911 Reginaldus
1126 2819 1172 2889 de
1198 2816 1397 2914 Oggistone
1420 2855 1428 2874 ·
1455 2829 1493 2891 et
1520 2819 1697 2894 Ricardus
1720 2824 1767 2894 de

421 2933 554 3004 Monte
579 2931 685 3002 alto·
709 2953 773 3023 pro
797 2927 833 3000 se
857 2940 895 3000 et
919 2930 1079 3022 capitulo
1105 2941 1234 3001 mutuo
1261 2931 1468 3025 obligarunt
1491 2941 1529 3002 et
1552 2933 1620 3004 beo
1646 2935 1767 3007 omnia

420 3045 576 3116 fideliter
598 3042 821 3115 obseruanda
846 3040 1086 3134 promiserunt
1105 3081 1113 3098 ·
1132 3040 1387 3114 submittentes
1410 3042 1447 3114 se
1472 3046 1589 3136 quoad
1615 3047 1767 3138 preben-

421 3158 484 3228 das
509 3153 588 3226 suas
618 3155 818 3225 cohertioni
845 3152 1081 3246 compulsioni
1108 3164 1145 3224 et
1176 3153 1411 3227 iurisdictioni
1443 3156 1580 3226 domini
1612 3159 1766 3252 episcopi

422 3261 690 3338 liberdunensis
707 3303 715 3320 ·
733 3267 794 3358 qui
812 3265 959 3357 quidem
978 3267 1145 3336 dominus
1163 3263 1349 3360 episcopus
1366 3267 1524 3361 graciose
1541 3266 1712 3341 concellit
1729 3283 1768 3342 et

421 3378 577 3449 fideliter
593 3374 755 3470 promilit
773 3400 899 3447 omnes
916 3391 955 3449 et
973 3373 1130 3472 singulos
1147 3377 1429 3450 contradictores
1453 3379 1657 3452 huiusmodi
1676 3383 1772 3452 ordi-¹

421 3490 560 3562 nationi
585 3487 648 3560 seu
666 3488 820 3560 rebelles
838 3490 1007 3581 quotiens
1028 3512 1092 3582 pro
1118 3499 1221 3584 parte
1239 3489 1325 3560 dicti
1351 3491 1501 3582 capituli
1528 3492 1638 3563 suerit
1663 3491 1768 3587 super

420 3603 488 3673 boc
518 3597 710 3693 requisitus
735 3623 800 3694 per
826 3623 972 3671 omnem
998 3600 1184 3672 censuram
1211 3597 1485 3673 ecclesiastioam
1512 3604 1549 3672 in
1576 3604 1768 3695 prebendis

420 3712 492 3784 suis
511 3723 587 3784 tam
605 3735 669 3804 pro
687 3713 789 3804 penis
806 3709 1017 3804 supradietis
1036 3735 1144 3804 quam
1162 3713 1274 3783 etiam
1292 3735 1357 3804 pro
1374 3712 1446 3783 illis
1464 3710 1651 3808 sexaginta
1668 3716 1767 3787 libris

421 3848 485 3918 per
519 3825 678 3917 prefatos
711 3824 899 3892 dominum
934 3825 1111 3894 decanum
1147 3831 1185 3894 et
1215 3824 1414 3917 capitulum
1449 3826 1584 3898 fabrice
1618 3826 1767 3900 ecclesie

421 3935 637 4007 cathedralis
666 3930 936 4004 Aberdonensrs
970 3958 1034 4026 pro
1065 3925 1240 4006 decennio
1275 3931 1446 4006 concessis
1480 3935 1553 4029 ipso
1591 3939 1768 4010 decennio

422 4049 575 4117 durante
598 4043 708 4136 usque
733 4044 778 4115 ad
809 4044 955 4136 plenam
983 4045 1257 4117 satilsodoioncm
1287 4046 1504 4138 compellere
1529 4057 1567 4118 et
1593 4057 1767 4142 tanquam

419 4181 484 4250 pro
505 4159 647 4250 proprio
665 4157 788 4227 debito
807 4154 870 4225 suo
887 4165 1049 4228 coartare
1067 4198 1075 4215 ·
1096 4157 1213 4250 Super
1230 4159 1360 4250 quibus
1378 4159 1545 4230 omnibus
1563 4169 1601 4230 et
1620 4159 1769 4255 singulis

419 4270 548 4362 prefati
577 4269 713 4338 domini
739 4269 897 4339 decanus
914 4278 953 4340 et
977 4269 1177 4361 capitulum
1202 4271 1388 4362 petierunt
1414 4292 1479 4363 per
1503 4293 1562 4342 me
1586 4275 1768 4344 notarium

419 4380 604 4472 publicum
631 4376 896 4471 infrascriptum
921 4374 987 4449 fibi
1013 4380 1141 4450 confici
1159 4403 1270 4451 vnum
1289 4379 1346 4450 vel
1371 4379 1474 4472 plura
1499 4383 1685 4473 publicum
1706 4381 1769 4456 seu

418 4488 564 4586 publica
580 4485 841 4560 instrumenta·
856 4499 894 4560 et
911 4491 957 4560 od
974 4492 1148 4562 maiorem
1165 4491 1273 4562 buius
1291 4493 1341 4562 rei
1360 4488 1589 4564 securitatem
1604 4495 1649 4564 de
1666 4518 1770 4567 man-
