4050 5534
514 2077 791 2163 {nurnmtum
814 2076 998 2178 toralium
1023 2079 1130 2170 tm.
1157 2073 1363 2185 mittut·
1486 2160 1489 2163 ,

598 2593 749 2665 Iucrnru
767 2612 1042 2663 rnunnuuaruu
1058 2616 1249 2669 rooruruu
1265 2634 1274 2651 ·

282 2810 542 2907 quentarium
559 2834 726 2906 ioealium
743 2832 820 2904 auri
838 2841 876 2902 et
893 2836 1033 2927 argenti
1050 2858 1193 2907 necnon
1219 2833 1371 2906 aliorum
1388 2845 1616 2904 ornamento·

276 2972 360 3019 rum
378 2942 524 3019 ecclesre
541 2945 756 3019 cathedralis
772 2942 1040 3018 Aberdonenlia
1057 2971 1121 3041 pro
1138 2949 1261 3021 diuino
1279 2946 1395 3017 officio
1419 2947 1513 3017 infra
1533 2969 1616 3017 ean-

277 3064 362 3133 dem
382 3061 635 3153 deputatorum
653 3068 690 3129 et
708 3057 953 3128 ordinatorum
971 3066 1046 3129 tam
1064 3061 1101 3129 in
1128 3059 1250 3152 cappis
1266 3054 1394 3130 casulis
1416 3059 1616 3130 dalmaticis

277 3199 325 3246 ex
355 3196 441 3244 auro
458 3171 579 3243 textili
605 3180 643 3241 et
668 3169 868 3241 holoeerico
894 3192 936 3241 aa
967 3166 1060 3241 uallo
1086 3172 1203 3263 ennija
1227 3171 1272 3242 ad
1302 3172 1430 3243 altaria
1458 3169 1616 3242 eiusdem

277 3288 324 3358 ad
343 3285 510 3355 decorem
527 3284 654 3353 domus
672 3282 729 3353 dei
747 3276 1000 3375 affignatorum
1018 3306 1082 3377 per
1098 3282 1341 3354 venerabilem
1358 3286 1474 3354 virum
1491 3282 1619 3377 magis·

279 3409 381 3469 trum
406 3394 656 3467 Alexandrum
683 3392 861 3486 Gallouay
886 3393 1045 3465 eiusdem
1071 3390 1220 3467 eoclefie
1245 3397 1457 3468 canonicum
1478 3421 1519 3467 ac
1540 3420 1621 3489 pre·

281 3509 534 3582 beudariuma
554 3504 703 3600 Kynkel
720 3508 758 3577 in
784 3506 909 3578 eadem
928 3504 1098 3579 instantia
1124 3515 1162 3578 et
1187 3505 1445 3601 supplicatione
1471 3509 1619 3601 capituli

284 3622 379 3692 ditte
397 3614 543 3691 eeclefie
556 3629 595 3689 et
613 3620 863 3689 canonicorum
877 3615 1034 3689 eiusdem
1048 3642 1112 3712 pro
1124 3630 1285 3713 tempore
1298 3619 1620 3712 representantium

287 3734 408 3807 aetum
450 3733 545 3825 apud
574 3732 761 3803 canoniam
791 3729 1088 3803 Aberdonensem
1117 3730 1244 3803 Idibus
1272 3731 1433 3826 Januarij
1464 3758 1558 3804 anno
1600 3758 1622 3805 a

289 3844 429 3918 Christo
439 3858 526 3916 nato
539 3866 634 3915 nono
645 3852 683 3915 et
696 3840 963 3937 quadragefimo
974 3840 1079 3937 supra
1090 3840 1320 3916 millesimum
1333 3855 1371 3917 et
1382 3842 1623 3941 quingenteli·

290 3980 389 4029 mum
413 3954 492 4050 post
507 3955 792 4049 redemptionem
815 3958 1011 4027 eorundem
1038 3958 1083 4028 de
1103 3957 1268 4027 manibus
1293 3959 1473 4050 quondam
1496 3958 1623 4029 Jacobi

294 4070 426 4142 Forbea
443 4093 464 4139 a
483 4063 646 4139 corfinda
661 4064 876 4159 suorumque
894 4066 1092 4140 satellitum
1109 4080 1293 4162 raptorum
1311 4079 1349 4141 et
1374 4095 1438 4164 per
1459 4095 1625 4143 reueren-

295 4184 378 4255 dum
395 4184 433 4252 in
451 4176 592 4253 Christo
610 4193 748 4273 patrem
767 4202 809 4251 aa
826 4182 1011 4252 dominum
1026 4183 1211 4253 dominum
1229 4181 1464 4253 Guilielmum
1478 4184 1626 4255 Stenart

295 4288 589 4367 Aberdonensem
604 4288 807 4385 episcopum
826 4316 941 4386 nuper
957 4292 1168 4369 deffinitum
1185 4316 1258 4365 non
1267 4291 1399 4387 absque
1415 4296 1554 4391 ingenti
1567 4321 1629 4391 pe-

297 4409 400 4479 cunie
418 4402 557 4478 summa
581 4405 769 4499 redempta
785 4414 869 4477 ante
887 4430 1038 4499 quorum
1064 4407 1309 4479 redudionem
1334 4406 1451 4479 multa
1476 4419 1513 4480 et
1531 4413 1628 4482 varia
