4050 5534
246 632 347 726 xre]
717 629 1120 706 ABERDONENSE.
1517 645 1584 710 est

244 828 376 928 poffint
393 856 453 905 me
470 833 516 909 de
533 833 592 904 die
608 832 647 902 in
671 833 766 905 diem
784 842 823 903 et
840 830 991 904 heredes
1016 856 1116 905 meos
1143 837 1456 908 excommunicare
1474 833 1501 907 si
1519 863 1585 932 ego

244 946 301 1018 vel
318 947 469 1018 heredes
481 947 552 1018 mei
567 945 661 1037 quod
675 940 766 1016 nbsrt
780 954 907 1015 contro
920 944 1012 1016 hono
1026 945 1259 1017 donatiouem
1273 955 1310 1018 et
1324 943 1584 1022 concessionem

242 1081 361 1131 meum
378 1060 501 1130 venire
518 1053 592 1129 fine
609 1065 736 1129 contro
753 1058 874 1128 dicere
884 1052 1198 1151 presumpserimus
1210 1094 1219 1111 ·
1233 1055 1384 1154 Insuper
1400 1055 1427 1130 ti
1444 1063 1587 1133 contin-

243 1180 306 1266 get
332 1194 392 1242 me
419 1170 478 1242 vel
506 1170 662 1262 aliquem
690 1169 863 1240 heredum
892 1190 1056 1239 meorum
1079 1178 1206 1240 contre
1231 1170 1324 1241 benc
1352 1171 1584 1244 donationem

244 1307 360 1355 meum
387 1286 426 1354 in
451 1282 572 1375 uliquo
589 1282 843 1354 contrauenire
871 1279 930 1351 vel
957 1283 1204 1354 contradicere
1222 1284 1318 1374 quod
1335 1278 1426 1356 nbsrt
1444 1284 1525 1356 volo
1547 1297 1585 1358 et

243 1397 401 1468 concedo
428 1396 523 1487 quod
546 1393 714 1466 dominns
742 1414 834 1486 pepe
861 1391 920 1463 vel
943 1389 1044 1464 sedes
1069 1389 1261 1486 apostolice
1288 1389 1514 1468 fivacauerit
1539 1397 1587 1470 de

245 1509 411 1580 omuibus
444 1507 523 1602 alijs
552 1507 659 1578 terris
688 1507 779 1576 meis
813 1501 995 1596 acquisitis
1028 1527 1140 1598 penes
1167 1505 1336 1577 heredem
1372 1530 1493 1579 meum
1528 1509 1585 1581 vel

243 1621 394 1692 heredes
417 1642 518 1691 meos
541 1609 813 1690 remanentibus
839 1611 946 1710 poffit
969 1615 1027 1687 vel
1054 1612 1186 1710 poffint
1211 1639 1275 1710 pro
1304 1615 1364 1690 sue
1388 1619 1586 1692 voluntatis

244 1733 392 1804 nrbitrio
409 1732 521 1803 libere
538 1728 724 1823 disponere
741 1730 779 1799 in
795 1717 989 1799 sdbsrdium
1007 1738 1103 1800 terre
1125 1725 1243 1800 sentite
1260 1733 1505 1802 conuertendo
1522 1731 1584 1804 seu

245 1846 460 1936 pauperibus
471 1842 670 1936 erogando·
685 1841 857 1912 Pretereo
868 1838 990 1934 obligo
999 1862 1059 1910 me
1073 1849 1111 1910 et
1128 1841 1277 1911 heredes
1291 1865 1391 1914 meos
1403 1844 1441 1914 in
1453 1865 1584 1936 penem

244 1954 392 2028 centum
401 1950 997 2049 morcarumsterlingorumsobrice
1008 1949 1157 2023 eoeleste
1168 1952 1275 2023 beate
1287 1951 1406 2026 Murio
1418 1955 1586 2027 deAber-
1633 2029 1635 2031 ,

244 2068 313 2140 den
327 2062 683 2162 persoluenderumsr
701 2065 893 2158 contigerit
909 2086 969 2134 me
987 2064 1046 2135 vel
1067 2060 1158 2156 ipsos
1177 2062 1234 2133 vel
1258 2062 1413 2156 aliquem
1435 2089 1500 2160 per
1521 2091 1586 2138 nos

245 2179 303 2251 rel
320 2202 385 2272 pro
402 2179 505 2250 nobis
522 2191 685 2250 tenorem
702 2173 877 2270 presentis
889 2173 1011 2268 scripti
1028 2177 1065 2246 in
1083 2173 1202 2267 aliquo
1216 2177 1369 2247 articulo
1382 2180 1484 2270 quod
1495 2176 1586 2251 abfit

245 2290 439 2386 infringere
456 2328 466 2349 ·
483 2292 536 2362 ita
552 2289 648 2382 quod
665 2289 780 2360 didtus
797 2289 964 2358 dominus
981 2284 1166 2381 episcopus
1192 2286 1253 2358 sel'
1266 2286 1319 2359 sui
1338 2290 1504 2384 ordinerij
1523 2295 1585 2385 qui

244 2426 309 2496 pro
337 2413 500 2496 tempore
522 2403 659 2473 suerint
686 2411 763 2471 tam
788 2422 848 2471 me
875 2421 984 2492 quom
1010 2399 1161 2470 heredes
1186 2421 1286 2470 meos
1307 2401 1352 2472 ed
1371 2396 1584 2476 solutionem

246 2513 342 2587 dicte
364 2537 458 2607 pene
484 2512 655 2606 quemad
673 2512 795 2583 omnio
819 2511 890 2584 elie
913 2512 953 2582 in
978 2511 1046 2582 hoc
1073 2508 1203 2606 scripto
1231 2523 1404 2585 contento
1432 2513 1588 2588 fideliter

246 2625 468 2698 obseruanda
484 2626 584 2698 licite
601 2619 706 2718 possit
723 2623 782 2695 vel
798 2619 930 2717 possint
939 2622 1156 2717 compellere
1174 2635 1213 2696 et
1231 2625 1420 2698 cohercere
1434 2665 1442 2682 ·
1455 2651 1587 2701 renun-

246 2739 373 2810 ciendo
391 2739 430 2809 in
446 2739 513 2810 hoc
531 2745 634 2830 purte
651 2743 715 2830 pro'
733 2746 848 2808 meet
865 2736 1055 2809 heredibus
1074 2739 1163 2808 meis
1181 2737 1347 2809 omnibus
1365 2742 1587 2833 exceptioni-

247 2851 314 2921 bus
330 2850 620 2922 cauillationibus
633 2849 739 2944 regijs
751 2848 1052 2942 prohibitionibus
1070 2857 1108 2919 et
1126 2843 1314 2920 cuiussibet
1328 2851 1414 2921 iuris
1427 2854 1586 2924 remedio

247 2964 408 3036 cononici
427 2973 465 3034 et
482 2961 600 3033 ciuilis
625 2960 720 3053 quod
739 2960 843 3031 nobis
859 2969 985 3031 contre
1001 2961 1065 3031 hos
1091 2960 1214 3034 literas
1236 2963 1372 3054 poterit
1388 2962 1508 3035 valere
1526 2961 1587 3037 seu

248 3087 452 3169 competere
481 3075 527 3146 ed
554 3068 797 3145 defensionem
827 3111 836 3130 ·
866 3071 910 3142 In
941 3074 1043 3144 cuius
1073 3073 1124 3144 rei
1155 3069 1402 3144 testimonium
1431 3070 1590 3169 sigillum

249 3210 370 3259 meum
387 3211 458 3258 vna
474 3209 557 3258 cum
574 3181 691 3280 figillo
708 3183 804 3258 diste
821 3183 960 3277 Sybille
977 3181 1101 3278 sponse
1118 3207 1199 3258 mee
1217 3197 1254 3256 et
1278 3207 1361 3257 cum
1380 3182 1494 3281 sigillo
1512 3189 1587 3260 offi-

248 3299 417 3378 cialitatis
451 3293 720 3370 Aberdonensrs
744 3306 783 3368 et
808 3292 923 3390 sigillo
953 3291 1160 3390 thesaurarij
1192 3294 1340 3369 ecclesre
1371 3298 1587 3372 cathedralis

249 3406 515 3483 Aberdonensis
528 3420 567 3481 et
584 3405 699 3505 sigilio
717 3409 852 3480 domini
869 3408 893 3481 J
896 3409 1047 3480 ohannis
1065 3409 1110 3479 de
1128 3407 1261 3480 Anend
1280 3413 1446 3502 perpetui
1465 3413 1585 3505 vicarij

249 3523 294 3596 de
316 3523 424 3618 Obyn
451 3523 631 3616 quondam
659 3521 835 3615 capellani
866 3522 1001 3592 domini
1025 3522 1118 3614 regis
1143 3517 1367 3614 presentibus
1384 3519 1438 3594 est
1455 3547 1588 3618 appen-

249 3633 327 3708 sum
344 3675 353 3694 ·
371 3632 537 3707 'festibus
561 3634 715 3707 Matheo
732 3632 952 3706 Grethenith
970 3673 979 3691 ·
997 3631 1200 3727 Reginoldo
1218 3634 1264 3704 de
1284 3632 1456 3726 Molewyl
1477 3636 1586 3708 fratre

250 3749 398 3841 preditti
416 3745 608 3820 Walters·
628 3743 827 3836 Malcolmo
845 3745 891 3816 de
908 3744 1119 3839 Polgoueny
1136 3757 1173 3816 et
1191 3744 1315 3816 multis
1333 3745 1411 3839 aiijs
1430 3787 1438 3804 ·

250 4084 359 4158 Certe
375 4084 523 4156 Andree
541 4085 587 4156 de
600 4082 752 4176 Bercley
770 4083 906 4154 domini
923 4083 969 4154 de
986 4081 1168 4175 Gerntuly
1186 4083 1230 4154 de
1249 4085 1403 4156 terrode
1422 4083 1560 4157 Melsos
1578 4125 1588 4144 ·

254 4283 448 4384 Omnibus
465 4311 704 4382 hanccurtom
718 4305 843 4380 visuris
862 4307 918 4378 vel
930 4307 1105 4379 audituris
1123 4307 1290 4377 Andreas
1307 4308 1352 4378 de
1365 4305 1518 4401 Berciey
1530 4311 1591 4381 do-

253 4425 370 4496 minus
381 4423 426 4493 de
437 4418 776 4514 Gorntulysnlutem
790 4424 827 4491 in
838 4421 985 4491 domino
997 4419 1272 4514 sempitemem·
1289 4417 1594 4502 Noueritvniuer-

255 4530 336 4606 srtns
350 4529 469 4606 vestre
484 4555 544 4604 me
561 4527 693 4605 dedisse
711 4527 912 4604 concessisse
930 4541 969 4603 et
985 4533 1053 4604 hec
1070 4528 1225 4626 presenti
1245 4540 1344 4604 certe
1367 4555 1449 4606 mee
1467 4533 1595 4606 confir-

302 4665 386 4719 ron.
407 4667 448 4716 u.
918 4651 986 4715 Qu
