4050 5534
421 635 467 704 30
938 624 1245 700 REGISTRUM
1611 626 1763 724 [sucum

422 823 571 902 ecclesie
600 822 786 900 decesserit
812 836 850 899 et
879 823 1031 900 ccclesia
1055 827 1120 898 sua
1145 827 1269 899 relide
1296 827 1407 898 fuerit
1437 821 1513 898 srne
1543 826 1765 900 indumentis

421 939 702 1014 sacerdotalibus
727 939 1018 1034 competentibus
1034 938 1094 1010 vel
1112 935 1186 1011 srne
1204 936 1303 1010 libris
1319 937 1378 1010 vel
1396 933 1471 1010 line
1487 936 1646 1032 utrisque
1662 938 1721 1010 vel
1737 933 1765 1007 fi

423 1055 517 1126 forte
534 1055 659 1125 domos
684 1047 833 1124 ecclesie
857 1052 1044 1144 reliquerit
1069 1051 1208 1124 dirutus
1225 1052 1283 1122 vel
1307 1047 1469 1124 ruinosa
1493 1051 1541 1122 de
1564 1051 1669 1123 bonis
1688 1051 1766 1122 eius

424 1161 669 1239 ecclesiasticis
695 1172 800 1236 tantu
828 1163 945 1258 portio
973 1164 1246 1256 educatorque
1274 1161 1427 1236 sufficiat
1453 1165 1499 1236 ad
1527 1163 1765 1257 reparandum

425 1281 493 1352 heo
510 1288 549 1351 et
566 1275 728 1350 defectus
745 1272 895 1349 ecclesie
911 1273 1149 1370 supplendum
1167 1317 1176 1334 ·
1196 1272 1362 1348 vtensrlia
1378 1298 1522 1369 quoque
1539 1277 1667 1348 domus
1691 1273 1768 1348 suc-

426 1389 549 1464 cessori
564 1387 628 1462 sno
645 1389 827 1483 relinquat
845 1429 853 1446 ·

554 1613 724 1688 LXIIlI.
751 1613 858 1700 Quod
875 1616 961 1684 noni
979 1611 1107 1685 census
1123 1635 1195 1684 noo
1214 1614 1447 1706 imponantur
1463 1609 1637 1686 ecclesie·

428 1841 533 1913 Siout
564 1843 601 1912 in
631 1839 790 1936 generali
820 1836 973 1910 concilio
1001 1834 1055 1910 est
1081 1834 1257 1910 statutum
1284 1837 1436 1909 firmiter
1462 1837 1692 1931 prohibemus
1723 1861 1770 1910 ne

427 1955 511 2024 noui
530 1949 914 2044 censusimponantur
938 1945 1097 2044 ecolesijs
1121 1973 1190 2022 nec
1207 1958 1347 2020 veteres
1369 1960 1571 2044 augeantur
1586 1948 1773 2042 quodcun-

427 2089 497 2159 que
515 2075 640 2138 contra
664 2065 733 2136 hoc
758 2065 877 2136 actum
896 2057 950 2134 est
966 2058 1059 2135 ficut
1076 2063 1114 2133 in
1131 2063 1260 2135 eodem
1286 2061 1438 2135 concilio
1456 2073 1604 2134 cautum
1623 2057 1677 2132 est
1693 2064 1773 2134 irri-

428 2189 506 2250 tum
524 2177 724 2250 habeatur·
744 2175 914 2248 nouerint
931 2177 1043 2247 etiem
1063 2172 1259 2269 presentati
1276 2175 1373 2266 qnod
1390 2174 1435 2245 de
1452 2185 1574 2247 cetero
1599 2175 1774 2247 iurabunt

428 2292 523 2384 quod
549 2313 617 2362 neo
642 2283 822 2384 promissio
848 2311 917 2360 neo
942 2288 1061 2381 pactio
1087 2285 1208 2380 aliqua
1235 2283 1376 2359 interfit
1401 2288 1498 2358 inter
1523 2283 1615 2381 ipsos
1631 2297 1670 2358 et
1692 2312 1775 2383 pre-

427 2401 626 2476 sentutores
652 2407 800 2496 propter
821 2397 1039 2474 beneficium
1062 2399 1270 2471 habendum
1293 2410 1332 2470 et
1354 2399 1513 2471 maxime
1536 2399 1582 2470 de
1606 2403 1776 2494 augenda

427 2510 623 2610 pensione·

859 2733 981 2808 LXV.
1010 2734 1069 2807 De
1085 2737 1314 2808 matrimonio
1332 2777 1341 2794 ·

428 2963 551 3050 Quum
577 2949 848 3033 matrimonium
865 2961 911 3033 ob
931 2957 1006 3054 ipso
1024 2959 1105 3032 Deo
1130 2963 1168 3032 in
1194 2960 1356 3054 paradiso
1380 2960 1540 3034 noscitur
1564 2953 1780 3036 institutum

428 3088 467 3148 et
484 3074 601 3170 quoad
626 3073 802 3167 originem
826 3073 983 3166 primum
1001 3069 1054 3143 est
1072 3074 1169 3144 inter
1184 3073 1256 3146 alia
1272 3071 1495 3147 sacramenta
1511 3087 1553 3146 vt
1569 3073 1718 3148 liberius
1736 3091 1784 3150 et

428 3189 600 3262 canonice
626 3186 672 3257 de
697 3195 818 3257 cetero
848 3185 1083 3257 contrahatur
1110 3187 1329 3279 precipimus
1355 3197 1395 3257 vt
1425 3186 1516 3258 nulli
1547 3190 1655 3260 detur
1682 3189 1786 3263 sides

429 3303 474 3374 de
503 3299 733 3372 matrimonio
763 3297 1010 3369 contrahendo
1040 3293 1106 3368 nisi
1136 3319 1256 3370 corum
1286 3296 1472 3371 sacerdote
1501 3310 1540 3370 et
1568 3299 1685 3372 tribus
1713 3303 1786 3374 vel

429 3421 584 3506 quatuor
613 3411 698 3480 viris
727 3409 917 3504 fidedignis
946 3409 991 3480 ad
1026 3409 1095 3480 hoc
1123 3406 1327 3503 specialiter
1360 3412 1605 3484 conuocatis·
1635 3409 1788 3487 Nullus

428 3523 590 3596 seocrdos
607 3519 787 3615 presumat
803 3521 940 3613 aliquas
956 3517 1124 3614 personas
1139 3521 1455 3595 matrimonialiter
1470 3523 1689 3619 coniungere
1706 3525 1788 3598 nisi

427 3638 526 3731 prius
551 3645 655 3706 terno
680 3633 958 3704 denunciatione
984 3633 1022 3703 in
1044 3627 1195 3704 ecclesia
1218 3633 1364 3727 publice
1381 3645 1421 3706 et
1437 3633 1669 3729 solempniter
1694 3661 1792 3732 pre.

427 3743 528 3820 missa
552 3733 748 3818 secundum
774 3746 926 3816 sormam
957 3743 1100 3838 concilij
1125 3745 1304 3840 generalis
1333 3747 1387 3818 ita
1411 3748 1506 3840 quod
1527 3748 1589 3840 qui
1616 3748 1792 3828 voluerit

427 3870 467 3932 et
492 3857 646 3931 valuerit
672 3856 875 3951 legitimum
902 3856 1203 3949 impedimentum
1229 3870 1390 3951 opponat
1411 3899 1419 3915 ·
1439 3858 1635 3932 Inhibeont
1660 3864 1792 3938 etiam

426 3969 628 4044 sacerdotes
645 3965 710 4040 sub
726 3989 821 4062 pena
837 3968 1222 4040 excommunicationis
1238 3992 1287 4041 ne
1303 3971 1383 4063 quis
1399 3969 1495 4042 celet
1510 3972 1796 4066 impedimenta

426 4081 645 4174 matrimonij
663 4075 844 4152 maliciose
862 4089 900 4154 et
917 4103 964 4152 ne
981 4080 1061 4172 quis
1077 4079 1259 4152 maliciose
1275 4083 1546 4154 matrimonium
1568 4085 1759 4177 impediat
1780 4126 1791 4150 ι

427 4191 507 4289 Ipse
524 4195 634 4266 etiam
660 4187 846 4285 presbyter
862 4190 1119 4263 nichilominus
1139 4190 1332 4290 inuestiget
1349 4205 1469 4266 utrum
1486 4196 1631 4288 aliquod
1657 4199 1797 4295 impe.

426 4308 628 4378 dimentum
646 4299 789 4376 obsistat
808 4325 964 4396 cumque
982 4304 1187 4397 apperuerit
1212 4306 1407 4398 probabilis
1422 4308 1627 4381 coniectura
1642 4326 1798 4394 contra

426 4417 591 4513 copulam
625 4414 907 4488 contrahendum
941 4416 1148 4488 contractus
1185 4417 1424 4490 interdicatur
1460 4417 1620 4513 expresse
1655 4421 1799 4506 donec

423 4530 509 4625 quid
527 4529 605 4600 ficri
622 4527 753 4600 debeat
769 4524 875 4620 super
892 4549 936 4598 eo
953 4524 1155 4600 manifestis
1171 4525 1372 4602 constiterit
1388 4531 1615 4604 documentis
1632 4574 1640 4590 ·
1661 4533 1800 4618 Clau.
