4050 5534
229 634 330 729 xva]
697 628 1102 703 anunnonmnsu.
1507 639 1574 709 193

230 837 356 908 eadem
389 834 466 907 tela
492 834 537 907 ad
567 834 732 905 decorem
771 834 898 904 domus
937 831 995 903 dei
1038 829 1097 903 sed
1132 828 1223 902 desit
1251 831 1333 903 alba
1358 832 1573 924 cmciserarij

229 948 335 1042 culpa
348 943 514 1020 sacriste·

277 1059 376 1133 Item
394 1069 548 1153 quatuor
564 1083 678 1153 cappe
703 1080 787 1131 cum
805 1052 925 1130 casula
940 1058 1067 1128 tunica
1087 1055 1130 1128 ‘et
1155 1057 1351 1130 dalmatica
1375 1073 1458 1128 cum
1475 1054 1574 1128 stolis

229 1171 420 1265 manipulis
431 1170 522 1244 albis
533 1173 671 1243 amittis
682 1180 721 1243 ct
730 1169 951 1265 paramentis
962 1169 1266 1241 conuenientibus
1276 1192 1324 1239 ex
1334 1166 1575 1265 holo[se]rica

231 1284 330 1357 lutea
358 1282 420 1355 seu
445 1282 612 1356 sandrina
637 1306 720 1354 oum
746 1280 897 1352 fimbriis
923 1281 1042 1351 aureis
1068 1275 1363 1353 honorentiffime
1393 1282 1574 1353 decoratis

230 1420 312 1467 oum
329 1398 437 1469 armis
454 1394 543 1468 dieti
561 1395 743 1489 pontilicis
760 1393 807 1467 ad
823 1393 993 1464 decorem
1009 1392 1139 1465 domus
1156 1394 1238 1464 dei·

221 1506 223 1511 ’
278 1506 377 1579 Item
402 1516 557 1600 quatuor
581 1528 694 1600 cappe
720 1503 781 1577 seu
806 1504 902 1599 palle
929 1492 1012 1576 cum
1039 1502 1160 1579 casula
1175 1508 1301 1580 tunica
1317 1515 1356 1577 et
1379 1506 1575 1579 dalmatica

232 1642 313 1691 cum
332 1616 492 1692 eiusdem
509 1615 611 1690 stolis
629 1618 823 1713 manipulis
846 1616 938 1689 albis
963 1619 1103 1689 amidis
1123 1628 1160 1690 et
1178 1620 1399 1712 paramentis
1421 1642 1468 1690 ex
1488 1614 1575 1689 billo

232 1730 356 1803 villosa
381 1731 486 1802 viridi
512 1731 557 1803 ad
583 1729 787 1802 huiusmodi
813 1729 980 1801 decorem
1006 1728 1134 1801 domus
1162 1730 1221 1801 dei
1246 1753 1331 1802 cum
1355 1732 1465 1802 armis
1488 1732 1573 1802 dicti

230 1844 431 1937 pontificis·

280 1952 432 2048 Insuper
447 1962 603 2046 quatuor
621 1975 732 2045 cappe
750 1951 925 2061 seupalle
942 1976 1028 2025 cum
1045 1951 1166 2028 casula
1182 1956 1309 2027 tunica
1324 1965 1364 2027 et
1381 1955 1575 2028 dalmatica
1650 1971 1652 1975 '

232 2090 315 2138 cum
341 2061 488 2160 singulis
514 2065 712 2135 eorundem
742 2066 965 2157 paramentis
990 2065 1083 2137 albis
1107 2068 1246 2138 amittis
1271 2064 1373 2140 stolis
1398 2077 1437 2140 et
1461 2070 1575 2140 mani·

232 2179 327 2273 pulis
339 2179 384 2250 ad
396 2178 563 2249 decorem
578 2177 706 2247 domus
718 2178 776 2248 dei
791 2200 837 2248 ex
850 2174 938 2248 bilso
955 2175 1080 2249 villosa
1096 2177 1231 2249 cerulei
1245 2189 1309 2252 aut
1326 2175 1407 2273 refij
1425 2179 1575 2251 coloris·

281 2291 378 2362 Item
395 2292 465 2361 tria
482 2287 617 2361 vexilla
629 2284 778 2361 honesta
791 2289 987 2361 deserenda
1003 2313 1088 2361 cum
1101 2289 1239 2362 baculis
1257 2288 1390 2363 eisdem
1405 2294 1576 2364 conueni-

233 2404 377 2473 entibus
391 2424 509 2473 coram
520 2395 739 2494 proceffione
750 2401 877 2472 diebus
887 2399 1096 2474 solennibus
1110 2426 1156 2473 ex
1167 2402 1243 2474 tela
1253 2401 1504 2478 dammasoena
1513 2404 1575 2479 seu

237 2514 396 2607 palmata
411 2515 542 2585 rubea·

282 2624 379 2697 Item
405 2626 476 2696 duo
495 2624 613 2698 berilli
638 2648 721 2696 cum
749 2622 955 2697 custodibus
972 2649 1038 2719 pro
1063 2625 1336 2701 conseruatione
1361 2633 1576 2705 venerabilis

237 2734 448 2809 sacramenti
464 2759 528 2831 pro
546 2732 784 2809 monstrantia
800 2740 955 2810 maiore·

285 2848 381 2921 Item
399 2844 635 2921 monstrantia
652 2848 772 2945 lignea
785 2847 933 2923 honeste
943 2852 1114 2924 decorata
1130 2864 1169 2924 et
1186 2850 1331 2947 depicta
1341 2880 1424 2927 cum
1440 2858 1577 2952 angelis
1690 2879 1699 2889 ‘

238 2973 275 3032 ct
299 2961 522 3033 candelabris
547 2984 611 3055 pro
638 2959 799 3034 custodia
823 2964 969 3035 maioris
994 2961 1235 3037 monstrancie
1260 2975 1424 3062 tempore
1441 2981 1480 3041 et
1498 2969 1577 3042 loco

234 3077 442 3167 oportunis·
520 3116 526 3125 ·

271 3186 366 3259 Item
380 3189 450 3258 tria
459 3186 601 3259 sudaria
610 3210 657 3259 ex
669 3186 745 3258 'tela
758 3184 870 3259 serica
879 3184 941 3258 seu
954 3183 1179 3281 transparens
1190 3187 1370 3261 lintheum
1384 3192 1578 3265 deferenda

234 3299 339 3393 super
355 3298 555 3371 venerabili
572 3297 795 3371 sacramento
814 3307 851 3369 et
868 3296 1049 3393 sacrificijs
1066 3296 1166 3372 misse
1183 3324 1267 3372 cum
1293 3306 1488 3396 exequitur
1504 3306 1579 3376 offi-

235 3414 331 3483 cium
352 3413 518 3483 dominus
537 3409 722 3505 episcopus
748 3420 812 3483 aut
838 3412 995 3483 decanus
1013 3408 1075 3482 seu
1094 3408 1157 3483 sua
1181 3411 1261 3485 loca
1285 3422 1455 3487 tenentes
1474 3415 1580 3511 super

237 3522 408 3597 sacrificia
425 3523 619 3595 deferenda
635 3548 701 3617 per
716 3520 897 3594 ministros
914 3522 1057 3595 altaris·

288 3634 383 3707 Item
401 3637 473 3707 duo
491 3635 610 3707 baculi
629 3659 693 3728 pro
711 3636 917 3707 cantoribus
935 3636 1034 3708 chori
1052 3659 1100 3707 ex
1117 3637 1218 3733 ligno
1234 3639 1389 3732 depicti·

287 3746 382 3817 Item
401 3746 594 3819 scabellum
614 3770 750 3819 nouum
764 3744 827 3819 seu
844 3744 1080 3818 faldistorium
1100 3771 1165 3843 pro
1185 3752 1357 3843 pontifice
1375 3776 1458 3825 cum
1477 3752 1579 3826 suum

238 3860 431 3953 exequitur
448 3860 604 3931 officium
623 3861 766 3954 egregie
783 3860 1014 3932 decoratum·

288 3969 383 4041 Item
402 3966 660 4064 perestromata
675 3970 804 4042 summi
822 3972 946 4045 altaris
962 3973 1127 4066 bipertiti
1151 3973 1279 4047 coloris
1298 3998 1343 4047 ex
1361 3976 1410 4048 lie
1426 3975 1547 4074 sarge·

287 4081 382 4153 Item
402 4106 513 4153 vnum
539 4094 703 4176 tapetum
729 4106 902 4179 magnum
927 4107 998 4178 quo
1025 4087 1276 4179 pauimentum
1299 4098 1385 4161 ante
1401 4088 1581 4164 summum

243 4193 356 4266 altare
373 4191 545 4266 stemitur
563 4193 624 4267 seu
641 4192 748 4267 vestis
767 4193 923 4291 stragula
940 4199 1028 4268 dum
1041 4196 1203 4270 solennia
1215 4200 1253 4269 in
1271 4196 1369 4271 fellis
1386 4214 1563 4297 aguntur·
1703 4261 1707 4268 .

289 4305 384 4377 Item
402 4318 558 4397 quatuor
584 4329 715 4401 magna
731 4308 923 4380 ceruicalia
940 4332 1049 4402 opere
1073 4309 1266 4382 l'cabellino
1287 4334 1371 4384 oum
1397 4314 1581 4409 duplitura

241 4419 349 4511 panni
364 4418 543 4513 anglicani
558 4420 659 4491 rubei
674 4419 803 4491 coloris
813 4443 896 4491 cum
911 4422 1019 4493 armis
1032 4431 1070 4494 et
1083 4418 1247 4518 infignijs
1256 4420 1414 4497 eiusdem
1426 4425 1579 4523 episcopi

241 4530 287 4601 ad
304 4528 402 4601 vsum
423 4525 570 4603 ecclefie
588 4526 785 4617 destinata·

291 4664 372 4716 voc·
393 4664 435 4715 ιι.
886 4652 907 4717 2
927 4667 968 4734 n,
