4050 5534
242 660 329 755 xc]
508 763 515 772 ἲ
715 659 1128 734 lasnnounuss.
1489 667 1595 740 -69

240 861 375 932 didam
392 860 607 933 clettionem
620 859 873 933 celebrandam
886 855 1075 933 constituit
1091 868 1359 954 procuratorem
1377 863 1588 932 canonicum

238 972 336 1043 ditte
352 969 503 1045 ecclesie
520 983 559 1044 et
575 974 613 1043 in
631 973 727 1044 dicta
743 968 892 1044 ecclesia
917 967 1094 1044 residebat
1112 971 1169 1043 vel
1195 973 1330 1043 iudicio
1352 969 1589 1045 refidencium

237 1081 393 1156 residere
426 1087 595 1178 proponit
629 1093 668 1156 et
702 1087 762 1178 qui
798 1081 843 1158 srt
877 1083 1095 1156 desoluondo
1131 1085 1291 1176 onusque
1324 1086 1587 1177 procurationis

238 1193 443 1266 huiusmodi
469 1219 534 1290 pro
551 1219 622 1267 rno
640 1219 735 1268 auno
752 1197 958 1288 acceptabit
975 1206 1014 1267 et
1032 1198 1094 1289 qui
1112 1196 1244 1268 lrabeat
1262 1195 1475 1290 respondere
1492 1199 1589 1290 capi·

239 1308 321 1379 tulo
340 1332 406 1402 pro
423 1309 591 1379 omnibus
613 1310 752 1380 iuribus
770 1309 901 1380 debitis
926 1311 1068 1380 ratione
1094 1309 1277 1402 prebende
1293 1307 1356 1381 suo
1372 1332 1484 1402 penes
1499 1309 1588 1382 sala·

239 1424 333 1491 rium
364 1420 632 1514 capellanorum
658 1422 890 1492 diaconorum
916 1428 955 1492 et
981 1418 1282 1492 subdiaconorum
1307 1445 1349 1492 ac
1374 1422 1586 1493 clericorum

237 1534 339 1605 chori
368 1557 412 1604 ac
440 1531 543 1605 auus
572 1533 790 1626 capitulares
819 1541 857 1604 et
885 1533 982 1624 quod
1009 1531 1165 1624 quilibet
1193 1535 1387 1605 canonicus
1417 1533 1587 1626 deinceps

238 1645 467 1738 recipiendus
487 1653 682 1736 antequam
700 1646 896 1737 recipiatur
912 1653 952 1715 et-
969 1644 1186 1714 admittatur
1203 1641 1317 1715 srmile
1342 1646 1586 1717 iuramentum

238 1759 277 1827 in
301 1755 456 1849 speciale
476 1764 516 1826 et
538 1779 603 1848 per
625 1751 828 1849 expressum
852 1751 988 1848 prestet
1014 1765 1053 1825 et
1079 1765 1347 1848 procuratorem
1376 1758 1483 1828 modo
1508 1781 1589 1850 pre-

238 1865 339 1938 misso
356 1863 553 1938 constituat
570 1868 632 1959 qui
650 1877 817 1960 acceptet
835 1889 951 1937 onus·

239 1979 335 2050 Item
347 1988 525 2071 quantum
537 1978 582 2049 ad
597 1978 751 2050 eledtum
764 1979 860 2069 quod
878 1980 973 2048 iuret
986 1975 1082 2069 quod
1100 2001 1285 2070 nunquam
1304 1987 1406 2072 petet
1418 1977 1585 2052 ecclesias

238 2113 450 2162 communes
467 2113 534 2162 nec
555 2091 652 2161 bona
676 2091 882 2162 communia
905 2088 960 2159 set
985 2089 1099 2160 libere
1125 2093 1314 2182 permittet
1340 2094 1530 2165 canonicos
1548 2105 1586 2165 et

238 2226 363 2274 eornm
389 2212 638 2296 procuratores
664 2203 709 2272 de
735 2203 911 2272 fructibus
937 2223 1061 2272 earum
1087 2200 1200 2272 libers
1226 2199 1412 2295 disponere
1434 2215 1471 2275 et
1489 2207 1585 2297 quod

238 2338 446 2407 nuncquam
470 2324 573 2408 petet
589 2311 695 2407 super
710 2316 779 2386 hoc
797 2316 1001 2384 iuramento
1028 2309 1289 2384 absolutionem
1308 2316 1419 2386 etiam
1439 2313 1465 2387 li
1483 2327 1585 2388 motu

237 2430 381 2521 proprio
406 2427 625 2499 concedatur
651 2449 858 2518 nuncquam
877 2435 1002 2496 vtetur
1029 2434 1067 2494 et
1097 2425 1192 2516 quod
1219 2448 1291 2498 non
1318 2427 1455 2500 leuabit
1476 2427 1609 2501 subsr-·

237 2540 337 2610 dium
356 2540 402 2610 de
420 2540 611 2632 prebendis
629 2540 882 2610 canonicorum
899 2561 968 2608 nec
985 2536 1138 2630 desuper
1154 2546 1256 2630 petet
1273 2537 1533 2613 absolutionem
1550 2581 1560 2598 ·

191 2695 196 2702 -
237 2650 334 2722 Item
352 2653 449 2722 iuret
467 2647 571 2721 srmili
590 2652 697 2721 modo
715 2652 761 2722 de
777 2649 985 2744 preuilegijs
1011 2651 1266 2721 canonicorum
1288 2652 1380 2723 infra
1397 2655 1584 2725 canoniam

236 2761 468 2834 obseruandis
501 2765 606 2834 iuxta
639 2775 803 2834 tenorem
838 2758 1056 2834 statutorum
1089 2770 1163 2832 tam
1195 2764 1231 2832 in
1260 2763 1336 2832 foro
1364 2762 1584 2836 contensioso

234 2898 345 2966 quam
364 2878 402 2946 in
420 2875 497 2945 foro
513 2877 634 2946 anime
651 2871 717 2945 nisr
735 2877 773 2946 in
790 2884 928 2945 euentu
946 2872 1192 2944 deuolutionis
1209 2884 1247 2944 et
1266 2874 1516 2969 negligencia·

235 2985 335 3058 Item
358 2988 456 3079 quod
479 2989 576 3057 iuret
600 2986 759 3057 fideliter
783 2981 958 3080 affignare
983 2995 1179 3082 antequam
1205 2988 1299 3078 petit
1324 2986 1360 3056 se
1385 2989 1495 3080 recipi
1522 3012 1587 3082 per

234 3098 437 3192 capitulum
456 3094 534 3191 post
552 3094 661 3190 ipsius
686 3097 873 3169 eledionis
898 3095 1211 3168 confirmationem
1230 3098 1391 3190 capitulo
1416 3109 1455 3170 et
1472 3117 1585 3172 'cano-

234 3213 328 3296 nicis
358 3206 508 3282 ecclesie
538 3233 602 3302 pro
634 3210 770 3281 fabrica
803 3206 955 3280 ecclesie
983 3217 1133 3279 centum
1168 3209 1276 3280 libras
1305 3206 1452 3306 singulis
1481 3216 1585 3284 anuis

233 3321 412 3394 leuandae
429 3323 474 3393 de
491 3319 641 3414 piscaria
653 3321 699 3391 de
713 3320 888 3392 Aberden
906 3318 1012 3414 super
1025 3343 1096 3412 qua
1113 3343 1185 3390 uon
1203 3331 1306 3414 petet
1323 3321 1583 3398 absolutionem

231 3444 273 3503 vt
299 3431 407 3526 supra
431 3443 470 3504 et
494 3431 531 3503 se
558 3455 631 3502 non
658 3433 880 3503 intromittet
906 3434 944 3502 in
970 3431 1231 3524 temporalibus
1252 3445 1316 3504 aut
1338 3430 1582 3528 spiritualibus

232 3547 353 3616 donec
370 3541 534 3637 premissa
551 3543 815 3636 compleuerit·

231 3656 334 3728 Item
352 3658 446 3727 iuret
461 3655 559 3748 quod
576 3656 745 3726 ammodo
762 3677 967 3746 nuncquam
987 3654 1125 3726 creabit
1142 3655 1300 3747 aliquem
1319 3659 1356 3728 in
1369 3665 1582 3732 canonicum

225 3769 332 3839 dicte
361 3762 513 3839 ecclesie
541 3762 608 3836 nisr
638 3765 742 3836 illum
770 3769 830 3838 cui
860 3767 1049 3860 contingat
1079 3768 1242 3838 conferre
1276 3771 1496 3862 prebendam
1524 3775 1583 3845 rel

229 3881 454 3975 dignitatem
473 3888 687 3951 vacantem·

230 3993 307 4065 Die
338 3993 481 4063 veneris
512 3992 653 4062 decimo
688 3991 797 4062 tertio
830 3985 962 4062 mensis
997 3987 1189 4084 supradicti
1224 4015 1349 4063 omnes
1383 4003 1421 4064 et
1456 3991 1584 4091 finguli

228 4106 374 4176 domini
405 4104 568 4176 canonici
598 4100 789 4196 supradicti
819 4103 974 4196 quilibet
1004 4123 1152 4171 manum
1182 4102 1227 4173 ad
1261 4105 1386 4195 pedus
1417 4111 1583 4198 ponendo

228 4219 341 4288 tactis
354 4211 585 4286 sacrosanctis
598 4213 796 4308 euangelijs
813 4215 1026 4286 iurauemnt
1039 4215 1160 4284 omnia
1177 4222 1216 4284 et
1233 4211 1375 4309 srngula
1385 4212 1585 4310 supradidta

226 4324 496 4400 inuiolabiliter
520 4322 709 4396 obseruare
728 4335 767 4396 et
792 4327 1032 4417 quantumin
1059 4326 1111 4398 eis
1135 4325 1205 4397 fuit
1232 4326 1410 4400 obseruari
1437 4331 1580 4405 facere·

225 4435 403 4533 presente
420 4446 501 4508 toto
518 4435 678 4530 capitulo
695 4445 734 4508 et
751 4459 811 4507 me
827 4438 971 4542 notariq
985 4436 1132 4531 publico
1151 4477 1159 4494 ·
