4050 5534
256 670 336 764 xe]
718 673 1124 750 Ansnnounusu.
1551 692 1595 762 75

293 980 350 1053 De
366 994 598 1077 procuratore
615 989 799 1058 communi
817 988 967 1079 capituli
981 991 1171 1060 annuatim
1189 991 1356 1085 eligendo
1372 1001 1412 1064 et
1425 995 1544 1086 equali

349 1159 353 1164 .
449 1094 701 1170 distributione
718 1100 884 1172 facienda
900 1102 1082 1172 canonicis
1100 1102 1146 1172 de
1164 1106 1381 1176 communia.

245 1318 338 1391 Item
364 1323 459 1413 quod
489 1319 637 1417 singulis
662 1324 767 1394 annis
792 1323 949 1418 eligatur
974 1347 1067 1395 vnus
1095 1335 1305 1417 procurator
1331 1323 1406 1399 fine
1423 1328 1594 1401 collestor

243 1433 420 1523 generalis
436 1433 483 1504 de
499 1435 683 1505 canonicis
707 1429 949 1506 residentibus
966 1438 1029 1527 qui
1054 1437 1188 1508 habeat
1214 1435 1353 1511 fructus
1371 1448 1410 1510 et
1426 1443 1590 1514 redditus

243 1545 404 1614 omnium
429 1540 661 1616 ecclesiarum
688 1547 733 1617 ad
759 1569 989 1617 communem
1016 1545 1255 1640 spedonntium
1283 1550 1403 1622 levare
1428 1554 1590 1647 recipere

243 1654 413 1749 colligere
441 1664 480 1727 et
513 1655 726 1730 conseruare
753 1659 799 1729 de
824 1659 992 1730 manibus
1018 1682 1316 1753 quorumcunque
1350 1661 1589 1736 firmariorum

241 1764 300 1836 sen
335 1764 613 1839 intromissorum
641 1770 877 1840 eorundem·
906 1770 956 1841 Et
985 1771 1082 1863 quod
1112 1772 1176 1842 fiat
1211 1770 1417 1845 distributio
1452 1776 1590 1868 equalis

242 1880 423 1951 canonicis
439 1875 679 1951 residentibus
696 1887 735 1952 et
752 1882 849 1974 quod
866 1879 976 1952 semel
994 1883 1032 1952 iu
1050 1905 1146 1954 anno
1159 1884 1205 1954 de
1218 1907 1284 1976 per
1299 1883 1415 1978 ipsum
1434 1891 1590 1980 receptis

243 1989 303 2060 siat
321 1990 470 2082 plenum
488 2000 698 2084 compotum
712 1992 749 2062 in
764 1991 925 2085 capitulo
942 2015 1026 2062 cum
1040 1989 1145 2086 snper
1161 1995 1229 2065 hoc
1247 1996 1357 2068 suerit
1374 1994 1588 2090 requisitus·

258 2211 315 2284 De
332 2217 443 2286 cartis
460 2212 576 2310 sigillo
594 2216 778 2288 communi
802 2211 999 2310 sigillandis
1017 2227 1055 2288 et
1072 2213 1331 2311 subscriptione
1348 2222 1544 2292 earundem
1564 2264 1571 2279 ·

242 2435 336 2507 Item
353 2439 450 2529 quod
476 2440 640 2510 canonici
666 2437 851 2532 presentes
868 2449 907 2510 et
924 2438 1193 2512 consentientes
1210 2442 1248 2510 in
1267 2444 1426 2536 capitulo
1444 2448 1587 2537 quando

242 2547 359 2640 aliqua
374 2549 500 2622 littera
513 2545 629 2644 sigillo
643 2552 827 2621 communi
840 2547 895 2622 est
908 2547 1096 2645 sigillanda
1112 2561 1308 2624 teneantur
1321 2551 1357 2626 se
1369 2555 1589 2630 subscribere

242 2671 278 2730 et
298 2661 395 2754 quod
413 2661 536 2733 nullus
553 2663 749 2734 canonicus
774 2671 928 2756 protunc
954 2661 1081 2734 absens
1098 2665 1242 2756 quando
1259 2663 1366 2760 super
1382 2667 1447 2739 teli
1466 2667 1589 2742 littera

241 2772 403 2844 fueritin
421 2775 582 2867 capitulo
599 2771 808 2846 conclusum
827 2772 960 2846 debeat
977 2771 1013 2844 se
1031 2772 1249 2847 subscribere
1266 2773 1330 2849 nisr
1351 2779 1439 2850 velit
1459 2819 1467 2837 ·

607 2997 666 3068 De
684 2995 848 3069 clausura
865 3007 1026 3069 ortorum
1045 3001 1195 3070 canonic
1213 3041 1221 3056 ·

241 3219 431 3292 Statutum
448 3218 502 3293 est
519 3220 617 3313 quod
633 3242 759 3291 murus
782 3219 936 3291 borealis
952 3217 1066 3291 mansi
1085 3222 1130 3292 de
1149 3221 1360 3294 Mortblach
1378 3247 1442 3316 pro
1460 3249 1585 3320 perpe·

239 3346 301 3404 tuo
317 3331 580 3405 sustentabitur
595 3355 660 3426 per
676 3331 953 3426 prebendarium
971 3333 1131 3404 eiusdem
1146 3374 1154 3390 ·
1170 3343 1208 3404 et
1226 3355 1352 3405 murus
1369 3337 1522 3408 borealis
1539 3340 1584 3410 de

239 3444 321 3517 Clat
337 3441 602 3517 sustentabitur
618 3467 683 3537 per
699 3444 976 3537 prebendarium
994 3443 1154 3517 eiusdem
1173 3487 1181 3502 ·
1201 3457 1239 3517 et
1258 3445 1305 3518 sic
1323 3444 1584 3541 consequenter

237 3579 300 3648 per
315 3557 608 3629 archidiaconum
626 3563 665 3627 et
682 3554 939 3648 prebendarios
957 3556 1003 3626 de
1017 3554 1156 3651 Owyne
1174 3558 1219 3628 de
1233 3557 1454 3654 Banquhory
1470 3561 1584 3634 Crou-

237 3668 329 3740 dane
359 3678 399 3740 et
427 3667 527 3762 Deyr
556 3705 564 3722 ·
593 3666 643 3738 Et
675 3665 867 3738 Methlach
897 3663 1111 3738 sustentabit
1145 3691 1290 3740 murum
1323 3670 1507 3764 lapideum
1537 3677 1583 3746 ad

239 3804 368 3853 conum
397 3782 582 3875 proprium
609 3788 647 3850 et
672 3773 854 3849 residuum
885 3777 983 3849 illius
1012 3781 1160 3872 parietis
1190 3782 1389 3874 pertinebit
1413 3785 1459 3854 ad
1485 3808 1582 3856 com-

237 3897 397 3965 muniam
411 3891 561 3986 capituli
579 3889 690 3984 nsque
708 3891 754 3961 ad
771 3913 902 3960 conum
920 3912 1031 3984 prope
1050 3889 1169 3963 laeum
1183 3933 1191 3949 ·
1204 3901 1242 3962 et
1255 3892 1579 3986 Turreffparietem

238 4002 465 4098 interipsum
482 4012 521 4074 et
539 4002 731 4074 Methlach
750 4041 759 4058 ·
778 4001 1026 4094 quernochty
1039 4004 1135 4073 inter
1152 4002 1267 4096 ipsum
1285 4014 1324 4075 et
1349 4004 1496 4077 'surreff
1515 4050 1523 4066 ·
1543 4020 1581 4080 et

238 4139 361 4187 murus
378 4138 450 4208 qno
473 4117 547 4187 itur
571 4115 616 4186 ad
642 4114 762 4185 lacum
787 4136 853 4205 per
877 4113 1012 4184 limites
1030 4114 1075 4184 de
1093 4113 1341 4207 Inuernochty
1358 4119 1518 4209 pertinet
1535 4123 1580 4193 ad

238 4229 480 4298 communiam
507 4225 657 4320 capituli
676 4265 685 4282 ·
706 4224 803 4294 Item
828 4225 1087 4317 prebendarius
1105 4226 1151 4297 de
1168 4225 1349 4321 Balheluy
1365 4225 1580 4304 sustentabit

237 4341 412 4432 parietem
426 4337 548 4410 versus
559 4340 655 4409 viam
671 4337 808 4430 regiam
826 4358 891 4429 pro
908 4349 1011 4429 parte
1027 4335 1095 4408 sibi
1109 4341 1336 4432 contingenti
1351 4379 1358 4397 ·
1374 4353 1412 4411 et
1429 4344 1582 4435 preben-

237 4451 357 4523 darius
377 4450 424 4521 de
442 4449 577 4520 Forbes
602 4471 667 4542 pro
691 4456 796 4541 parte
822 4444 887 4518 sibi
913 4449 1140 4543 contingenti
1166 4447 1381 4523 sustentabit
1406 4457 1580 4545 parietem

237 4561 357 4634 versus
384 4563 481 4632 riam
509 4562 644 4654 regiam
676 4570 763 4632 ante
791 4569 829 4630 et
859 4568 956 4630 retro
983 4600 991 4616 ·
1016 4559 1067 4632 Et
1096 4557 1336 4634 thesaurarius
1365 4561 1581 4642 sustentabit
