4050 5534
536 658 842 733 REGISTRUM
872 656 1276 734 ABERDONENSE.
1504 665 1574 738 937

314 972 437 1048 Fama
453 991 606 1051 onnam
624 1011 632 1028 ·
653 970 797 1044 Lacrro
815 991 994 1044 mucrona
1011 991 1124 1042 naum
1142 969 1274 1042 Iaooar
1293 990 1469 1044 Anoarorn
1488 1011 1496 1028 ·

288 1192 489 1272 chariffimi
512 1199 692 1292 patientes
718 1191 831 1268 estote
856 1192 965 1289 rsque
991 1195 1036 1267 ad
1062 1195 1262 1266 aduentum
1289 1196 1424 1267 domini
1447 1240 1455 1256 ·
1475 1195 1570 1268 Ecce

240 1314 336 1384 enim
361 1309 518 1406 agricola
542 1311 710 1402 expettat
734 1303 932 1402 preciosum
958 1307 1114 1377 imaum
1133 1315 1228 1379 terre
1244 1311 1427 1402 patienter
1452 1309 1570 1381 serena

239 1427 353 1496 donec
369 1423 523 1516 accipiat
538 1429 810 1514 temporaneum
829 1429 868 1491 et
885 1418 1081 1491 serotinum
1099 1459 1107 1476 ·
1128 1418 1313 1492 Patientes
1329 1423 1441 1516 igitur
1457 1419 1572 1494 estote

240 1549 277 1611 et
302 1559 365 1608 voa
404 1543 443 1607 et
480 1533 690 1606 confirmate
718 1533 825 1605 corda
854 1529 970 1605 restra
1005 1532 1175 1624 quoniam
1218 1534 1395 1606 aduentus
1435 1535 1571 1606 domini

239 1646 562 1743 appropinquabit·
581 1645 708 1717 Nolite
733 1642 964 1740 ingemiscere
991 1645 1119 1716 fratres
1142 1646 1180 1714 in
1206 1645 1421 1717 alterutrum
1440 1658 1479 1718 rt
1496 1671 1570 1718 non

240 1761 445 1834 indicemini
464 1799 472 1816 ·
491 1758 587 1831 Ecce
604 1759 702 1830 enim
727 1759 836 1829 index
862 1768 947 1828 ante
972 1758 1118 1828 ianuam
1139 1756 1330 1850 expediat·
1352 1758 1571 1852 Exemplum

240 1875 336 1946 enim
366 1874 519 1967 accipite
547 1871 675 1942 fratres
698 1865 885 1942 charissimi
904 1870 1024 1940 exitus
1050 1868 1135 1941 mali
1162 1878 1200 1939 et
1227 1869 1510 1964 longanimitatis
1533 1883 1571 1944 et

241 1986 370 2058 laboris
396 1994 434 2057 et
458 1985 635 2078 patientie
652 1983 844 2077 prophetas
867 1983 927 2075 qui
955 1981 1068 2053 locuti
1094 1979 1236 2053 suntin
1263 1985 1410 2054 nomine
1436 1985 1570 2056 domini

240 2094 349 2170 nostri
366 2094 449 2169 Iesu
465 2093 596 2170 Christi
614 2135 624 2156 ·
1217 2117 1218 2122 ’

499 2430 624 2507 Fama
642 2455 762 2506 saxna
780 2476 788 2491 ·
807 2430 954 2506 anrro
972 2429 1074 2506 Isara
1094 2455 1298 2506 cananaea
1317 2473 1326 2492 ·

289 2659 373 2733 Hec
390 2661 478 2733 dicit
491 2661 657 2732 dominus
670 2657 771 2734 Deus
789 2701 797 2718 ·
816 2659 956 2733 Audite
969 2683 1029 2732 me
1046 2662 1107 2753 qni
1125 2659 1313 2753 sequimini
1327 2663 1422 2754 quod
1440 2660 1573 2736 iustum

241 2769 294 2844 ast
319 2781 358 2844 et
384 2773 533 2864 queritis
559 2772 744 2843 dominum
761 2813 770 2829 ·
789 2771 987 2845 Attendite
1011 2774 1056 2844 ad
1082 2783 1223 2866 petram
1241 2775 1336 2845 vnde
1363 2771 1470 2845 excisi
1489 2773 1572 2848 estis

242 2886 342 2958 etad
360 2907 550 2956 cauernam
576 2883 644 2956 laci
670 2884 715 2955 de
740 2907 811 2976 qua
826 2880 952 2978 precisr
978 2881 1087 2956 estis·
1107 2884 1302 2956 Attendite
1326 2887 1370 2958 ad
1388 2886 1573 2960 Abraham

241 3008 380 3092 patrem
398 2993 556 3068 restrum
582 3005 620 3068 et
637 2997 682 3068 ad
699 2995 824 3068 Soram
843 3020 913 3089 que
938 2998 1079 3091 peperit
1092 3019 1154 3069 vos
1173 3034 1182 3050 ·
1200 2998 1295 3082 Quia
1312 3021 1422 3070 vnum
1450 3002 1574 3074 vocani

242 3133 326 3182 curn
362 3119 401 3184 et
435 3108 605 3180 benedixi
631 3109 665 3180 ei
703 3117 743 3180 ct
772 3109 1011 3204 multiplicani
1045 3134 1129 3180 eum
1160 3150 1168 3166 ·
1201 3108 1453 3184 Consolabitur
1490 3137 1574 3207 ergo

243 3222 410 3293 dominus
435 3221 534 3314 Syon
559 3229 599 3292 et
623 3217 865 3292 consolabitur
890 3245 1015 3293 omnes
1040 3224 1160 3294 ruinas
1186 3224 1263 3293 eiua
1281 3263 1290 3282 ·
1310 3223 1360 3295 Et
1385 3235 1497 3318 ponet
1515 3228 1576 3299 de-

242 3331 376 3406 sertum
410 3336 488 3406 eiua
528 3329 636 3426 quasr.
660 3333 806 3406 delicias
852 3345 891 3406 et
924 3332 1153 3406 solitudinem
1188 3336 1264 3406 eius
1299 3333 1395 3427 quas]
1429 3339 1575 3411 hortum

244 3447 380 3518 domini
398 3487 406 3503 ·
425 3445 607 3518 Gaudium
634 3455 673 3517 et
698 3444 817 3518 letitia
841 3447 1050 3518 inuenietur
1065 3449 1103 3517 in
1120 3469 1163 3518 ea
1180 3487 1188 3504 ·
1206 3449 1402 3542 gratiarnm
1427 3450 1520 3522 attio
1538 3459 1576 3523 et

244 3582 315 3630 vox
333 3559 449 3630 laudia
474 3599 482 3616 ·
510 3557 706 3629 Attendite
740 3557 785 3629 ad
818 3581 878 3628 me
911 3558 1043 3652 popule
1068 3582 1169 3630 meus
1196 3569 1234 3630 et
1261 3559 1376 3630 tribus
1411 3585 1492 3634 mea
1516 3587 1576 3636 me

244 3671 368 3744 audite
386 3710 394 3727 ·
413 3670 510 3754 Quia
533 3669 594 3741 lex
612 3694 634 3741 a
649 3693 709 3740 me
726 3671 826 3740 exiet
852 3681 890 3741 et
907 3671 1079 3741 iudicium
1106 3693 1228 3741 meum
1254 3671 1291 3740 in
1319 3670 1438 3744 lucem
1464 3698 1577 3768 popu-

246 3783 362 3856 lorum
379 3781 613 3876 requiescet·
642 3781 759 3876 Prope
785 3779 837 3853 est
867 3778 980 3854 iustus
1004 3805 1108 3854 meus
1131 3821 1140 3840 ·
1164 3777 1317 3876 egressus
1344 3781 1397 3855 est
1423 3783 1578 3858 saluator

246 3918 349 3968 meus
374 3905 412 3967 et
439 3896 585 3967 brachia
616 3919 698 3966 mea
721 3894 872 3988 populos
894 3895 1107 3966 iudicabunt
1134 3935 1142 3951 ·
1181 3893 1247 3965 Me
1274 3895 1387 3967 inlirle
1412 3898 1577 3991 expecta-

245 4010 338 4080 bunt
371 4017 410 4079 et
438 4008 625 4080 brachium
658 4030 780 4078 meum
814 4003 1042 4078 sustinebunt
1077 4047 1085 4064 ·
1120 4005 1260 4078 Leuate
1287 4007 1409 4078 oculos
1443 4007 1577 4082 vestros

246 4123 285 4192 in
313 4120 432 4193 celum
462 4130 501 4191 et
526 4121 648 4191 videte
675 4117 861 4191 subterra
887 4116 1051 4189 deorsum
1087 4157 1095 4175 ·
1124 4117 1219 4202 Quia
1246 4118 1315 4190 celi
1343 4115 1431 4192 srcut
1458 4121 1577 4193 fumus

248 4231 445 4325 liquescent
478 4241 517 4304 et
542 4241 638 4303 terra
663 4226 753 4302 ficut
779 4227 1035 4303 vestimentum
1085 4237 1261 4301 atteretur
1291 4240 1328 4301 et
1357 4231 1577 4306 habitatores

248 4349 325 4420 eiua
341 4341 433 4418 ficut
449 4346 517 4416 hec
537 4344 740 4415 interibunt
762 4382 770 4399 ·
789 4343 895 4415 Salus
912 4352 1035 4414 autem
1052 4365 1133 4414 mea
1150 4344 1187 4413 in
1206 4340 1462 4437 sempiternum
1480 4349 1548 4418 erit
1567 4388 1577 4406 ·

248 4468 287 4532 et
303 4454 442 4530 iusticia
458 4479 541 4528 mea
557 4478 629 4527 non
644 4455 788 4527 deficiet
805 4497 814 4514 ·
833 4455 973 4526 Audite
992 4477 1051 4526 me
1069 4457 1129 4547 qui
1147 4451 1243 4526 scitia
1257 4452 1388 4529 iustum
1402 4497 1411 4516 ·
1424 4461 1578 4554 populna

247 4593 351 4646 meua
370 4609 380 4628 ·
398 4570 460 4642 lex
476 4592 559 4641 mea
574 4570 613 4640 in
634 4570 741 4640 corde
759 4591 882 4639 eornm
902 4608 909 4624 ·
929 4566 1057 4641 Nolite
1074 4569 1202 4640 timere
1220 4569 1449 4664 opprobrium
1465 4573 1579 4644 homi-
