4050 5534
987 593 1214 670 TABULA.

480 801 584 868 XIII.
607 801 659 869 De
674 803 888 870 mansionibus
902 803 1169 871 beneficiatorum.
1192 805 1236 872 A.
1252 807 1305 874 fol.
1321 812 1374 893 27,
1474 860 1483 877 .
1614 863 1622 878 .
1699 813 1737 879 Ρ.
1752 817 1773 881 9

480 901 579 968 XIV.
603 900 700 985 Quod
714 903 789 968 novi
803 925 914 968 census
928 925 993 968 uon
1008 904 1212 992 imponantur
1225 907 1363 976 ecclesie.
1408 909 1452 976 A.
1466 910 1490 976 7.
1506 914 1558 996 27,
1613 963 1622 978 .
1752 917 1773 981 9

479 1003 560 1069 XV.
583 1003 635 1069 De
650 1002 769 1070 clericis
784 1001 974 1069 ordinandis.
1018 1002 1061 1069 A.
1076 1002 1098 1068 f.
1115 1005 1168 1089 27,
1333 1058 1340 1073 .
1473 1062 1481 1076 .
1613 1062 1621 1078 .
1752 1017 1773 1081 9

479 1102 579 1169 XVI.
602 1102 654 1168 De
669 1103 896 1169 confessoribus
910 1103 1146 1170 constituendis
1190 1103 1233 1170 A.
1248 1106 1270 1170 7.
1287 1109 1339 1190 27,
1472 1161 1480 1174 .
1613 1162 1621 1176 .
1751 1117 1773 1202 0

480 1203 598 1270 XVII.
620 1201 673 1268 De
687 1202 789 1268 locato
804 1213 836 1268 et
851 1200 1018 1268 conducto.
1060 1202 1106 1268 A
1120 1202 1144 1271 7.
1160 1207 1213 1286 28,
1331 1257 1339 1271 .
1611 1233 1619 1250 ·
1732 1219 1773 1282 10

478 1301 615 1369 XVIII.
638 1301 690 1367 De
705 1300 936 1368 cohabitatione
950 1300 1136 1369 elericorum
1150 1315 1183 1370 et
1196 1304 1375 1372 mulierum.
1420 1311 1463 1375 A.
1478 1310 1619 1395 728,.
1731 1317 1773 1382 10

478 1402 584 1468 ΧΙΧ.
607 1401 660 1468 De
674 1401 768 1468 rebus
782 1399 911 1468 ecclesie
926 1424 989 1468 non
1005 1402 1188 1469 alienandis.
1231 1403 1312 1472 Af.
1329 1409 1381 1488 28,
1471 1459 1478 1474 .
1611 1461 1620 1478 .
1731 1417 1770 1479 11

479 1503 568 1568 XX.
590 1500 674 1568 Item
689 1501 728 1567 de
743 1499 863 1568 eodem
908 1499 951 1566 A.
966 1500 989 1566 7.
1005 1505 1059 1582 28,
1191 1551 1199 1568 .
1331 1553 1339 1570 .
1471 1557 1479 1572 .
1611 1559 1619 1576 .
1730 1515 1766 1578 11

478 1601 584 1668 XXI.
606 1601 690 1668 Item
704 1600 877 1667 deeodem
920 1599 1001 1667 A.f.
1018 1603 1070 1682 28,
1192 1651 1200 1666 .
1331 1653 1339 1668 .
1730 1616 1768 1676 11

477 1701 602 1768 ΧΧΠ.
624 1701 677 1768 Ne
692 1699 797 1768 clerici
811 1700 862 1766 vel
877 1700 1067 1766 monachiae
1081 1702 1215 1790 negotiis
1228 1703 1433 1770 immisceant
1471 1656 1626 1792 .Α.7.28,
1730 1714 1769 1776 12

477 1801 619 1868 ΧΧΙΠ.
641 1798 725 1865 Item
740 1799 780 1866 de
793 1799 913 1866 eodem
957 1799 999 1866 A.
1012 1801 1034 1865 7.
1050 1804 1103 1883 28,
1192 1851 1200 1865 .
1332 1853 1340 1868 .
1471 1855 1479 1870 .
1610 1857 1619 1874 .
1731 1815 1770 1878 12

477 1901 617 1968 XXIV.
639 1899 881 1967 Deiutcrdicto.
924 1899 1006 1966 Af.
1023 1903 1075 1982 29,
1190 1950 1198 1964 .
1610 1958 1618 1972 .
1730 1915 1769 1978 12

478 2001 598 2067 XXV.
621 1999 673 2066 De
687 1999 881 2066 testamentis
896 2009 928 2064 et
942 1999 1061 2064 ultimis
1075 1999 1299 2067 voluntatibus.
1344 2003 1386 2069 A.
1401 2003 1423 2070 7.
1440 1955 1492 2089 29,
1610 2057 1618 2075 .
1730 2015 1771 2078 13

476 2099 616 2168 XXVI.
638 2098 714 2165 De'
706 2101 905 2166 immunitate
921 2098 1135 2166 ιιιιίθιιίιιιιιιι.
1178 2099 1222 2166 A
1236 2101 1327 2184 729,
1470 2154 1478 2168 .
1609 2157 1619 2174 .
1729 2113 1770 2178 13

477 2200 634 2268 XXVII.
657 2199 740 2266 Item
755 2198 794 2265 de
808 2199 928 2266 mdem
973 2199 1016 2264 A.
1031 2198 1122 2284 729,
1189 2248 1197 2265 .
1329 2249 1337 2265 .
1470 2255 1478 2269 .
1609 2257 1618 2272 .
1729 2211 1771 2276 13

476 2299 653 2368 XXVIII.
675 2299 862 2366 Deeodem.
904 2297 986 2365 Af.
1003 2302 1056 2379 29,
1187 2347 1196 2363 .
1327 2349 1336 2366 .
1468 2353 1476 2368 .
1609 2357 1617 2372 .
1729 2312 1771 2376 14

476 2399 622 2468 XXIX.
644 2398 805 2466 Deionis.
849 2397 893 2464 A.
908 2397 930 2462 7.
946 2399 1057 2481 29,.
1189 2446 1198 2463 .
1730 2412 1771 2474 14

476 2499 602 2566 XXX.
625 2499 674 2564 Ut
695 2497 853 2564 libertates
875 2496 1041 2564 ecclesie
1017 2520 1084 2562 erne
1106 2495 1314 2565 diminutione
1334 2517 1569 2571 conserventur.
1605 2455 1682 2574 Af.

476 2697 622 2766 XXXI.
644 2697 804 2762 Deoruce
818 2695 1375 2784 signatisabecclesiadefendeudis.
1418 2701 1495 2768 Af.
1510 2705 1616 2787 29.
1729 2711 1771 2774 15

475 2797 639 2868 XXXII.
663 2795 761 2880 Quod
775 2798 860 2863 numi
875 2819 939 2862 non
955 2797 1187 2885 cupianturper
1198 2796 1318 2864 laicos*
1308 2821 1343 2864 m
1356 2801 1448 2866 terris
1457 2752 1682 2872 ecclesiasticis.

453 2946 658 3065 XXXIII.
682 2994 779 3079 Quod
793 2994 924 3062 clericus
939 3018 1002 3061 non
1018 2944 1336 3062 uehaturadforum'
1341 2999 1489 3066 seculare.
1532 3003 1576 3067 A.
1591 3003 1682 3087 730,
1728 3007 1769 3073 15

475 3097 655 3165 XXXIV.
677 3095 1092 3184 Dedecimisetprimiciis.
1135 3093 1338 3178 Α.7.30,.
1470 3147 1478 3164 .
1609 3151 1617 3166 .
1728 3108 1770 3172 10

476 3197 636 3264 XXXV.
658 3196 710 3262 De
725 3194 853 3261 decimis
867 3206 1020 3262 ortorum.
1061 3193 1143 3260 Af.
1160 3197 1212 3272 30,
1328 3245 1335 3260 .
1468 3248 1476 3264 .
1607 3250 1616 3266 .
1728 3208 1768 3272 16

476 3295 655 3364 XXXVI.
679 3293 1067 3362 Dedecimisvuccmum.
1111 3293 1260 3379 A.t'.30,
1328 3345 1336 3360 .
1468 3347 1476 3362 .
1608 3349 1616 3367 .
1728 3308 1768 3372 16

476 3395 673 3462 XXXVII.
695 3394 747 3460 De
762 3395 890 3461 decimis
904 3395 1021 3461 ovium.
1044 3387 1146 3460 Af.
1162 3398 1215 3476 30,
1329 3444 1337 3460 .
1469 3447 1477 3462 .
1609 3449 1617 3466 .
1729 3408 1769 3470 10

476 3493 692 3563 XXXVIH.
714 3494 902 3560 Deeodem.
949 3494 1098 3579 Asso,
1187 3543 1196 3560 .
1328 3545 1335 3560 .
1467 3547 1476 3563 .
1607 3551 1615 3566 .
1728 3509 1766 3572 17

476 3593 660 3662 XXXIX.
683 3593 869 3660 Deeodem.
912 3594 1064 3677 Α.7.30,
1187 3643 1195 3658 .
1328 3645 1336 3660 .
1469 3647 1477 3663 .
1608 3649 1616 3665 .
1728 3608 1767 3670 17

475 3695 554 3761 XL.
577 3693 629 3760 Dc
643 3692 843 3760 decimafeni
858 3705 889 3760 et
903 3693 1165 3760 molendinomm.
1209 3693 1252 3761 A.
1267 3695 1289 3760 7.
1305 3698 1357 3773 30,
1468 3747 1476 3762 .
1607 3749 1615 3765 .
1728 3709 1767 3770 17

475 3795 573 3860 XLI.
596 3793 648 3858 De
663 3793 872 3859 mercenariis.
915 3791 960 3858 A.
975 3794 1067 3876 730,
1188 3842 1196 3860 .
1328 3844 1335 3860 .
1468 3847 1476 3863 .
1608 3849 1616 3865 .
1729 3807 1770 3869 17

475 3895 591 3960 XLII.
614 3893 666 3958 De
681 3891 803 3959 decime
817 3893 1035 3981 piscationum
1079 3891 1122 3958 A.
1136 3891 1159 3959 7.
1175 3897 1228 3978 30,
1327 3943 1336 3960 .
1468 3945 1476 3961 .
1729 3907 1768 3969 11

475 3993 611 4060 XLIII.
635 3991 775 4060 Casus
766 4015 799 4058 m
829 3991 944 4081 quibus
973 3993 1289 4060 excommunicentur
1311 3995 1366 4084 qui
1389 3951 1629 4083 perturbant·
1600 4023 1683 4066 uros

430 4093 662 4160 ecclesiasticos.
705 4090 748 4157 A.
763 4091 786 4156 7.
803 4093 914 4173 30.
1047 4141 1055 4156 .
1328 4145 1336 4160 .
1468 4146 1476 4162 .
1608 4147 1616 4164 .
1728 4105 1767 4170 18

475 4191 606 4258 XLIV.
628 4190 681 4256 De
695 4191 873 4256 furantibus
888 4190 1035 4258 decimes.
1078 4191 1122 4256 A.
1136 4143 1228 4277 730,
1327 4244 1336 4258 .
1467 4245 1476 4260 .
1607 4247 1615 4262 .
1727 4205 1767 4268 18

475 4291 587 4358 XLV.
610 4290 795 4357 Deeodem.
840 4291 883 4356 A.
899 4291 990 4376 731,
1186 4341 1195 4357 .
1327 4342 1335 4358 .
1467 4345 1475 4360 .
1606 4345 1615 4362 .
1726 4303 1766 4367 18

474 4389 605 4456 XLVI.
628 4389 680 4456 De
695 4391 966 4479 conspiratoribus.
1010 4390 1055 4457 A.
1071 4391 1094 4458 7.
1109 4395 1161 4474 31,
1328 4441 1337 4458 .
1469 4443 1477 4458 .
1609 4445 1617 4461 .
1729 4403 1768 4466 19

474 4489 624 4556 XLVII.
648 4489 700 4555 De
714 4489 897 4556 obediencie
910 4489 1105 4557 clericorum.
1150 4490 1192 4556 A.
1204 4490 1227 4556 7.
1242 4493 1294 4574 31,
1469 4541 1477 4556 .
1608 4545 1617 4560 .
1729 4503 1768 4564 19
