4050 5534
192 761 196 767 Ι
248 653 350 750 ivi]
464 755 468 764 Ι
720 653 1124 728 aauanouniisn.
1524 605 1627 728 105*

247 853 499 950 euangelicum
534 855 701 926 omnibus
730 855 925 926 maioribus
954 851 1055 926 festis
1088 855 1174 927 anni
1206 855 1360 926 mundas
1393 855 1526 926 nitidas
1551 867 1589 928 et

245 966 413 1039 honestas
426 966 584 1040 seruabit
598 1009 606 1025 ·
622 968 836 1039 Prouidebit
849 969 960 1039 etiam
977 964 1042 1038 fibi
1057 969 1102 1039 de
1115 968 1210 1039 foliis
1227 969 1394 1040 arborum
1409 975 1448 1038 et
1460 967 1589 1061 palmis

245 1081 283 1150 in
300 1081 490 1152 dominicis
516 1081 776 1176 palmarumvt
792 1082 902 1152 moris
928 1076 981 1151 est
1005 1087 1045 1150 et
1069 1081 1106 1151 in
1134 1081 1193 1152 die
1213 1076 1463 1174 penthecostes
1493 1084 1587 1174 apud

128 1201 134 1212 '
244 1190 501 1285 proeeffionem
513 1229 523 1249 ·
534 1193 632 1264 Item
648 1193 799 1264 induere
817 1192 926 1264 debet
943 1189 1122 1263 summum
1140 1192 1255 1264 altare
1273 1193 1366 1263 beno
1384 1200 1422 1264 et
1438 1191 1588 1272 honeste

243 1304 541 1378 lintheaminibus
566 1302 725 1377 honestis
750 1305 844 1377 bene
868 1305 1014 1374 mundis
1032 1313 1071 1375 et
1087 1305 1231 1398 plicatis
1256 1327 1356 1376 more
1381 1305 1586 1376 tabularum

243 1419 423 1512 regiarum
453 1418 586 1511 absque
616 1419 714 1512 rugis
740 1427 778 1489 et
805 1417 991 1512 plicaturis
1020 1415 1081 1488 sed
1108 1414 1230 1488 strible
1257 1425 1297 1488 et
1326 1417 1461 1511 plane·
1488 1417 1585 1490 Item

243 1529 365 1602 lauare
389 1532 498 1602 faciet
525 1529 590 1608 seu
614 1530 763 1602 abluere
790 1531 912 1600 omnia
936 1525 1152 1602 vestimenta
1175 1527 1305 1600 summi
1331 1531 1455 1602 altaris
1478 1531 1585 1602 beate

155 1635 158 1638 ’
245 1641 364 1714 Marie
381 1641 529 1740 uirginis
546 1653 585 1715 et
603 1640 722 1716 santte
739 1641 864 1713 Crucis
883 1651 958 1712 tam
976 1641 1214 1713 lintheamina
1230 1664 1338 1734 quam
1359 1642 1458 1714 albas
1474 1645 1585 1714 amio-

243 1763 300 1825 tos
316 1764 356 1825 et
371 1751 530 1850 singulos
542 1757 588 1826 ad
601 1756 720 1825 minus
733 1753 849 1826 sexies
866 1756 904 1825 iu
922 1777 1017 1826 auno
1036 1763 1074 1824 et
1091 1753 1187 1825 vltra
1199 1753 1343 1846 quando
1359 1764 1398 1826 et
1416 1754 1475 1825 vbi
1493 1778 1583 1848 opus

243 1867 353 1940 fuerit
378 1876 417 1939 et
442 1869 511 1939 boc
535 1886 600 1962 per
615 1865 802 1938 honestam
820 1875 1021 1938 matronam
1048 1863 1115 1936 aut'
1139 1867 1315 1962 virginem
1340 1907 1349 1925 ·
1377 1867 1584 1962 corporalia

243 1981 405 2050 omnium
435 1980 602 2052 altarium
628 1975 779 2052 ecclesie
805 2001 870 2072 per
891 1977 1044 2072 seipsum
1069 1976 1317 2072 superpellicio
1343 1981 1511 2051 indutum
1537 1983 1582 2052 ad

242 2094 362 2162 minus
379 2094 489 2165 bisin
506 2116 601 2164 anuo
614 2092 752 2164 lauabit
769 2101 808 2162 et
824 2091 1015 2162 mundabit
1034 2131 1041 2146 ·
1060 2089 1264 2161 ablutiones
1282 2112 1365 2160 vero
1384 2093 1581 2164 eorundem

241 2213 305 2275 aut
320 2202 449 2276 saltem
465 2199 590 2298 preuie
614 2205 652 2275 in
678 2204 828 2275 sacrario
848 2213 1095 2296 reponantur·
1114 2202 1211 2274 Item
1237 2205 1440 2296 preparabit
1465 2205 1582 2298 pulpi-

242 2325 322 2386 tum
339 2319 376 2387 ln
395 2311 545 2389 ecelesia
560 2325 625 2388 aut
642 2315 750 2388 choro
768 2338 851 2386 cum
876 2316 1104 2408 predicantes
1126 2315 1295 2387 affuerint
1312 2315 1374 2387 seu
1391 2340 1474 2388 oum
1492 2341 1581 2411 opus

242 2429 351 2500 suerit
367 2452 436 2500 nec
453 2452 526 2499 uon
543 2428 724 2500 canonicis
741 2424 912 2498 consueta
927 2425 1052 2499 sedilia
1069 2425 1263 2520 asportabit
1277 2466 1284 2483 ·
1298 2425 1449 2522 Insuper
1466 2430 1581 2503 dietus

242 2537 385 2613 sacrista
400 2539 605 2612 obseruabit
632 2549 670 2611 et
697 2541 807 2611 saciet
832 2540 953 2609 omnia
977 2538 1135 2632 aliaque
1153 2540 1198 2611 ad
1219 2541 1399 2632 prefatum
1417 2539 1579 2634 spettent

242 2653 398 2724 officium
414 2653 453 2724 in
471 2647 622 2725 ecclesia
638 2645 911 2724 Abberdonensi
931 2673 1001 2742 que
1026 2651 1071 2722 de
1097 2649 1356 2723 consuetudine
1373 2662 1437 2723 aut
1453 2653 1581 2728 funda-

241 2767 339 2838 tione
356 2763 591 2837 dinoscuntur
599 2767 800 2860 pertiuere·
814 2762 910 2834 Item
924 2759 1130 2867 obseruabit
1143 2787 1189 2834 ne
1207 2763 1337 2836 calices
1354 2763 1580 2857 asportentur

241 2887 344 2950 extra
364 2879 514 2950 chorum
539 2901 604 2970 per
626 2875 804 2948 seculares
828 2873 891 2946 seu
914 2870 1094 2970 garsiones
1120 2875 1229 2946 laicos
1246 2883 1310 2946 aut
1327 2874 1476 2948 scolares
1502 2883 1580 2971 qui-

239 2990 446 3084 buscunque
463 2991 686 3064 celebrandis
703 2990 742 3059 in
759 2983 910 3060 ecclelia
926 3025 935 3043 ·
953 2985 1050 3057 Item
1074 2988 1215 3059 notabit
1232 2988 1270 3059 in
1287 2987 1412 3059 tabula
1428 2989 1579 3063 vicarios

239 3105 338 3175 chori
354 3129 428 3174 non
446 3105 670 3176 celebrantes
686 3103 845 3196 priuatas
869 3093 986 3170 missas
1009 3098 1172 3191 qualibet
1195 3097 1394 3193 septImana
1410 3102 1514 3174 iuxta
1539 3113 1577 3174 et

238 3213 435 3287 secundum
462 3225 625 3286 tenorem
650 3213 872 3286 fundationis
898 3213 1122 3284 eorundem·
1142 3211 1239 3282 Item
1265 3209 1466 3284 obseruabit
1489 3211 1579 3288 ostia

238 3328 393 3398 turrium
410 3325 688 3399 occidentalium
704 3325 750 3397 ab
766 3318 922 3419 ingressu
946 3321 1150 3419 garsionum
1168 3325 1213 3396 ad
1232 3322 1412 3396 stillicidia
1427 3324 1575 3400 ecclesie

237 3463 284 3512 ue
309 3439 357 3511 ad
382 3435 638 3511 destruendum
663 3437 852 3531 plumbum
870 3436 1220 3532 propugnaculorum
1246 3433 1405 3508 eiusdem
1422 3439 1577 3534 ingredi-

235 3563 346 3624 antur
371 3591 380 3609 ·
406 3551 504 3622 Item
528 3549 693 3622 subiiciet
716 3547 754 3620 se
780 3549 962 3621 taxationi
988 3550 1195 3622 deseduum
1221 3549 1458 3620 vicheriorum
1476 3552 1575 3624 ebori

235 3668 337 3738 omni
354 3666 413 3736 die
428 3661 567 3736 sabbati
580 3661 883 3756 quemadmodum
901 3661 961 3755 alij
975 3662 1098 3754 vicarij
1116 3656 1142 3732 li
1159 3663 1198 3732 in
1210 3656 1384 3754 premissis
1396 3661 1574 3755 aliquibus

235 3779 412 3850 defecerit
436 3788 500 3848 aut
529 3776 753 3870 temporibus
781 3775 981 3866 prenotatis
1007 3772 1044 3845 se
1073 3771 1317 3844 absentauerit
1343 3771 1527 3866 presertim
1553 3802 1575 3850 a

232 3885 346 3962 millis
371 3889 559 3960 matutinis
584 3886 739 3980 vesperis
764 3894 829 3957 aut
854 3907 1107 3978 campanarum
1128 3882 1329 3978 pulsatione
1355 3893 1393 3957 et
1418 3887 1485 3959 boc
1511 3913 1575 3983 per

232 4002 515 4075 subtrattionem
539 4002 638 4072 omni
654 4006 785 4092 quarta
809 4007 913 4091 parte
937 3999 1023 4068 anni
1046 3994 1160 4090 salarij
1186 3993 1240 4066 sui
1264 4019 1330 4089 per
1350 3999 1547 4091 capitulum
1566 4043 1574 4060 ·

232 4115 308 4187 Pro
325 4115 455 4207 quibus
477 4113 645 4184 omnibus
670 4121 708 4184 et
733 4107 883 4204 siugulis
908 4109 1117 4180 exercendis
1141 4109 1316 4201 percipiet
1341 4113 1528 4184 annuatim
1553 4141 1575 4187 a

231 4229 391 4300 dominis
408 4227 453 4298 de
469 4226 628 4320 capitulo
644 4220 842 4296 secundum
863 4219 1153 4293 distributionem
1171 4218 1347 4291 suminam
1365 4223 1481 4294 decim
1508 4225 1575 4298 lib-

228 4361 378 4412 rarum·
398 4337 495 4410 Item
511 4361 575 4432 pro
592 4333 793 4432 pulsatione
809 4357 1064 4428 campanarum
1090 4327 1280 4405 cuiussibet
1303 4333 1482 4431 demortuj
1499 4339 1523 4431 ij
1542 4337 1572 4411 ll.

230 4449 333 4524 Item
350 4473 415 4544 pro
431 4449 632 4544 pulsatione
648 4470 904 4542 campanarum
929 4441 1251 4518 anniuersariorum
1269 4444 1368 4518 chori
1391 4471 1412 4518 a
1434 4430 1574 4548 vicasiJs

229 4563 396 4640 eiusdem
413 4563 446 4657 vj
464 4563 497 4635 ll.
516 4562 577 4656 viij
602 4558 638 4634 d.
665 4560 762 4632 Item
787 4582 852 4656 pro
876 4559 1066 4632 ablucione
1083 4553 1379 4630 vestimentorum
1397 4570 1435 4634 et
1452 4585 1575 4662 corpo-

283 4697 371 4749 τοι.
389 4695 432 4747 ia
891 4693 914 4743 ο
