4050 5534
374 672 490 767 xa]
871 674 1278 749 snuaoouuusa.
1678 684 1747 751 145

365 874 500 947 Item
526 880 597 948 due
614 880 723 949 mitre
741 916 749 934 ·
768 900 838 951 vna
854 874 1014 969 preciosa
1030 875 1076 947 de
1093 876 1217 969 perllis
1234 886 1273 948 et
1290 877 1468 971 lapidibus
1485 872 1651 969 preciosis
1668 887 1706 945 et
1724 901 1746 947 a

456 998 555 1078 parte
573 1000 659 1061 ante
676 990 740 1083 xiij
755 990 893 1084 lapides
919 988 1129 1060 deficientes
1155 1000 1194 1059 et
1217 1013 1240 1061 a
1261 997 1364 1083 parte
1389 986 1469 1081 post
1487 993 1525 1083 xj
1544 988 1681 1082 lapides
1699 989 1745 1057 de

456 1100 581 1190 quibus
601 1100 737 1175 restant
762 1105 796 1197 vj
825 1103 961 1197 lapides
979 1105 1017 1172 iu
1035 1097 1123 1173 cista
1148 1103 1331 1172 communi
1358 1112 1396 1171 et
1421 1112 1496 1173 tres
1522 1102 1672 1180 fanones
1698 1102 1743 1171 de

455 1210 544 1286 dicta
569 1218 679 1287 mitra
694 1226 924 1287 remanentes
942 1216 980 1285 in
997 1216 1093 1287 dicta
1114 1210 1203 1285 cista
1225 1224 1264 1284 et
1288 1215 1357 1285 tria
1380 1214 1539 1307 pendilia
1563 1239 1672 1287 aurea
1696 1217 1742 1287 de

453 1322 543 1398 dicta
559 1329 669 1399 mitra
685 1330 723 1398 iu
740 1328 901 1421 predida
918 1323 1006 1397 cista
1023 1334 1062 1395 et
1079 1336 1247 1416 quartum
1265 1326 1412 1420 pendile
1429 1326 1554 1399 absens
1573 1369 1581 1384 ·

331 1429 450 1501 Et
466 1437 583 1511 altera
600 1442 710 1511 mitra
727 1440 772 1511 de
790 1437 901 1511 serico
920 1440 1191 1510 deauratarum
1209 1438 1388 1533 lapidibus
1406 1479 1414 1496 ·

302 1538 491 1623 Item
510 1553 584 1623 duo
602 1555 702 1646 paria
726 1553 999 1647 cyrothecarum
1026 1573 1090 1644 pro
1116 1542 1282 1643 episcopo
1301 1575 1384 1622 cum
1401 1552 1542 1623 duobus
1561 1552 1740 1647 jocalibus

404 1665 673 1759 ymaginibus
689 1663 890 1737 santtorum
907 1664 932 1735 J
934 1663 1037 1735 acobi
1050 1674 1089 1733 et
1101 1661 1278 1734 Jobanuis
1296 1660 1440 1735 inclusus
1454 1706 1462 1722 ·
1477 1674 1516 1735 et
1533 1666 1570 1736 in
1588 1668 1740 1737 circum·

393 1770 613 1872 ferencijs
631 1778 804 1849 deaurata
819 1817 828 1834 ·
846 1778 931 1848 data
948 1798 1012 1868 per
1037 1774 1225 1845 dominum
1242 1772 1404 1845 nostrum
1431 1775 1632 1848 Hauricum
1649 1778 1736 1871 epil'-

373 1904 577 1984 copum
596 1889 890 1963 Morauiensem·

237 1970 482 2071 stem
515 2025 611 2073 vnus
636 2025 789 2098 magnus
816 2001 945 2074 anulus
972 2020 1103 2071 arrreus
1128 2009 1167 2069 et
1192 1999 1362 2071 notabilis
1388 2009 1532 2071 tantum
1558 2026 1623 2096 pro
1649 2003 1738 2097 epis-

330 2126 533 2207 eopo
569 2117 789 2187 conueniens
823 2138 905 2186 cum
940 2134 1072 2206 magno
1104 2107 1245 2203 saphiro
1283 2121 1322 2183 et
1359 2111 1538 2206 lapidibus
1571 2102 1737 2209 preciosis

317 2212 591 2299 inclusis
607 2228 713 2299 datus
729 2251 794 2321 per
810 2225 1063 2299 Alexandrum
1081 2222 1287 2317 episcopum
1303 2262 1312 2279 ·

209 2304 481 2409 Item
503 2340 581 2410 duo
599 2338 716 2411 baculi
734 2336 928 2433 pastorales
953 2339 998 2408 de
1016 2346 1167 2431 argento
1184 2359 1336 2428 quorum
1364 2360 1456 2408 vnus
1472 2336 1525 2409 est
1544 2341 1737 2412 deauratus

299 2454 449 2515 et
491 2462 610 2544 eaput
634 2449 782 2522 alterius
799 2450 919 2522 baculi
942 2449 1156 2520 deauratum
1173 2460 1212 2520 et
1229 2447 1357 2521 melior
1383 2450 1531 2522 baculus
1548 2453 1655 2524 datus
1671 2478 1736 2548 per

296 2548 696 2635 Alexandrum
714 2562 919 2657 episcopum
937 2602 945 2619 ·

207 2638 478 2746 Item
513 2678 590 2747 duo
614 2672 734 2769 tyltris
752 2675 1048 2770 euuangeliorum
1073 2713 1082 2730 ·
1104 2698 1215 2745 vuum
1234 2676 1279 2745 ds
1297 2686 1447 2769 argento
1466 2676 1678 2747 deauratum
1696 2694 1734 2749 et

308 2780 475 2859 ali
484 2790 541 2860 ud
560 2789 605 2859 de
622 2788 799 2860 auricalco
813 2789 1026 2860 deauratum
1041 2810 1195 2880 quorum
1206 2810 1319 2858 vnum
1333 2800 1432 2859 earet
1445 2791 1613 2883 ymagine
1627 2792 1734 2863 beate

325 2895 614 2997 virginis·

245 2968 476 3083 h‘2111
500 3022 661 3107 quatuor
678 3009 814 3085 screnia
830 3036 962 3109 magna
979 3038 1044 3108 pro
1062 3013 1164 3084 libris
1181 3023 1241 3084 etc
1261 3052 1269 3069 ·

314 3110 479 3196 bem
502 3128 667 3219 quinque
684 3122 772 3197 ciste
789 3128 945 3197 rotunde
963 3128 1007 3196 de
1025 3127 1151 3219 prucia
1166 3122 1282 3195 serato
1300 3164 1309 3180 ·

293 3202 481 3309 Rem
511 3236 575 3309 sex
602 3250 729 3333 cagete
746 3262 878 3334 magne
896 3262 1048 3331 quarum
1066 3262 1138 3309 vna
1162 3238 1233 3309 fuit
1258 3234 1432 3308 distruda
1456 3246 1619 3332 tempore
1636 3240 1732 3335 Tyn-

414 3366 620 3447 uyngame
637 3352 878 3425 archidiaconi
899 3392 907 3407 ·

365 3444 484 3535 Ibem
504 3466 522 3558 j
542 3474 645 3560 grets
663 3464 804 3537 leterou
826 3486 910 3535 cum
936 3464 1012 3556 iiij⁰¹
1037 3462 1263 3535 candelabris
1284 3463 1375 3532 ereis
1401 3466 1541 3557 magnis
1559 3465 1604 3535 de
1622 3469 1731 3538 doua-

441 3574 538 3649 tione
555 3575 758 3648 Alexandri
776 3572 932 3670 episcopi
951 3614 959 3631 ·

402 3682 487 3761 Item
503 3698 660 3785 quatuor
676 3690 748 3761 alia
764 3688 980 3761 candelabra
996 3688 1147 3779 antiqua
1164 3725 1172 3742 ·

406 3800 486 3874 Item
504 3804 576 3873 duo
595 3802 809 3875 candelabra
826 3824 890 3895 pro
908 3822 1039 3894 magno
1057 3799 1162 3870 altari
1174 3800 1220 3871 ds
1237 3800 1433 3872 donatione
1451 3796 1608 3894 magistri
1626 3802 1730 3874 Hen-

444 3916 501 3987 rici
520 3912 651 4008 Ryndo
669 3912 878 4006 tbssaurarij
898 3954 907 3971 ·

402 4028 485 4100 Item
502 4037 659 4122 quatuor
675 4024 807 4120 cusyne
825 4027 870 4097 de
888 4027 983 4097 dono
1009 4026 1147 4096 domini
1165 4024 1317 4096 Henrici
1332 4023 1499 4116 Lychton
1519 4026 1674 4121 episcopi
1693 4070 1701 4086 ·

398 4140 485 4211 Item
508 4139 783 4210 memorandum
806 4140 902 4231 quod
930 4137 1113 4209 Henricus
1139 4138 1185 4208 de
1211 4137 1380 4231 Lychton
1407 4133 1594 4231 episeopus
1611 4141 1728 4213 Aber-

439 4247 602 4323 douensrs
619 4249 774 4322 contulit
792 4250 962 4322 incudem
988 4272 1157 4345 maguam
1178 4247 1330 4323 ecclesie
1356 4261 1395 4320 et
1421 4254 1602 4323 canonicis
1619 4254 1729 4326 Abir-

438 4359 650 4435 douenfibus
676 4364 791 4456 primo
817 4363 876 4434 die
899 4357 1031 4435 meniis
1055 4362 1219 4457 Jauuarij
1246 4384 1341 4435 anno
1366 4361 1514 4433 Domini
1540 4363 1729 4440 millesimo

436 4469 786 4570 quadringentesimo
804 4472 982 4547 tricefimo
1003 4473 1156 4570 septimo
1174 4515 1182 4533 ·

388 4590 483 4663 Item
500 4611 571 4660 vua
587 4588 758 4659 cathedra
774 4588 913 4659 ferrea·
966 4585 1064 4661 Item
1082 4613 1104 4662 a
1120 4584 1270 4661 mellent
1289 4624 1297 4641 ·

436 4720 519 4773 vot.
538 4720 580 4771 11.
1043 4721 1066 4772 u
