4050 5534
853 2255 899 2329 Is
920 2255 999 2330 Dm
1018 2278 1172 2331 noman
1189 2256 1321 2329 Anna.

732 2483 854 2557 Dauid
872 2479 1061 2577 Lyndesay
1078 2505 1200 2555 eomes
1215 2482 1449 2555 Grauiordie·

425 2690 595 2789 Decimo
613 2710 741 2782 osauo
757 2708 931 2781 kalendas
946 2706 1132 2799 Februarij
1147 2707 1268 2779 obitus
1285 2706 1422 2779 domini
1442 2707 1564 2780 Dauid
1579 2707 1769 2804 Lyndesny

424 2828 567 2901 comitis
593 2822 806 2896 Graufordie
832 2820 1006 2893 fundatur
1032 2841 1097 2912 per
1121 2820 1362 2891 reuerendnm
1392 2820 1430 2891 in
1456 2818 1600 2893 Christo
1628 2832 1769 2915 patrem

423 2942 610 3014 dominum
621 2933 855 3030 Ingeramum
869 2929 1055 3027 Lyndesay
1066 2928 1272 3025 episcopum
1279 2930 1569 3005 Abirdonensem
1579 2934 1771 3030 devigenti

423 3051 543 3123 solidis
558 3048 746 3121 annuatim
764 3044 929 3117 leuandis
944 3044 989 3116 de
1007 3042 1209 3137 capellania
1220 3040 1284 3115 sua
1296 3044 1342 3115 de
1353 3042 1543 3117 Westhale
1553 3046 1591 3116 in
1603 3047 1771 3140 parochia

292 3171 298 3186 '
423 3166 468 3235 de
485 3161 615 3255 Ovyne
633 3200 642 3217 ·
660 3159 834 3231 fundatur
859 3179 924 3250 per
949 3157 1153 3249 prediaum
1179 3158 1367 3229 dominum
1385 3156 1592 3253 episcopum
1609 3182 1676 3253 pro
1691 3183 1770 3254 per·

423 3285 535 3369 petuo
553 3280 664 3367 prout
680 3272 718 3342 in
736 3272 845 3343 cartis
862 3268 1007 3362 plenius
1025 3270 1256 3375 continetur·

702 3480 885 3554 Henricus
903 3479 1071 3574 Lynhton
1089 3491 1128 3553 et
1145 3478 1282 3554 Joneta
1299 3480 1492 3575 Lyehton·

426 3596 545 3671 Nonis
577 3596 766 3688 Februarij
793 3594 915 3665 obitus
938 3592 1091 3666 Henrini
1120 3592 1311 3688 Lyahtone
1332 3604 1371 3665 et
1394 3594 1532 3668 Jonete
1555 3594 1681 3691 sponse
1708 3596 1769 3669 sue

425 3712 470 3783 de
496 3710 560 3801 xiij
579 3709 608 3780 ἔ.
626 3708 678 3801 iiij
697 3703 733 3778 d.
751 3705 917 3778 leuandis
943 3706 989 3776 de
1015 3700 1200 3779 mansione
1217 3707 1385 3780 edificata
1410 3709 1516 3781 iuxta
1531 3718 1652 3780 ortum
1671 3734 1772 3783 man·

426 3819 535 3895 sionis
560 3821 606 3891 de
624 3817 869 3891 Murthelowe
894 3817 1068 3889 fundatur
1090 3840 1155 3913 per
1171 3819 1359 3891 dominum
1383 3818 1586 3893 Henrieum
1602 3820 1772 3916 Lyehton

426 3932 632 4029 episcopum
650 3926 941 4002 Abirdonensem
964 3929 1060 4003 vnde
1085 3929 1313 4024 respondebit
1339 3932 1507 4005 dominns
1532 3934 1578 4004 de
1594 3931 1772 4006 Jonstone

426 4047 613 4119 annuatim
629 4086 636 4103 ·
1572 4074 1576 4081 ·

690 4266 848 4339 Thomas
865 4266 972 4362 Trayl
991 4270 1186 4340 eanonicus
1207 4264 1498 4341 Aberdonenfis·

428 4382 579 4454 Decimo
605 4380 779 4453 kalendas
814 4378 944 4473 Mareij
970 4381 1091 4451 obitus
1127 4382 1264 4452 domini
1290 4380 1430 4454 Thome
1456 4380 1582 4477 Trayli
1608 4388 1772 4457 canonici

428 4488 699 4567 Aberdonenfis
721 4492 766 4563 de
790 4492 839 4585 xij
862 4492 890 4563 ἔ.
915 4494 977 4586 viij
999 4490 1035 4564 d.
1053 4492 1227 4565 fundatur
1251 4493 1298 4565 de
1324 4495 1448 4566 aroitis
1474 4496 1645 4569 videlicet
1667 4498 1772 4570 iuxta
