4050 5534
239 663 338 756 aa]
709 660 1116 736 aaaanouansa.

434 915 493 990 De
510 927 666 1012 quatuor
681 920 802 1014 pueris
818 915 1061 990 sustentandis
1079 917 1124 989 de
1142 920 1348 990 communia
1365 960 1373 975 ·

241 1087 418 1160 Volumus
447 1089 560 1160 etiam
583 1088 682 1180 quod
711 1087 750 1158 in
777 1087 945 1161 omnibns
969 1085 1165 1158 maioribus
1190 1084 1289 1160 festis
1315 1088 1518 1181 duplicibus
1544 1098 1583 1160 et

238 1200 312 1293 alijs
329 1201 457 1272 diebus
474 1195 546 1271 srnt
562 1209 718 1292 quatuor
737 1203 841 1293 pueri
866 1199 1017 1272 chorum
1035 1197 1309 1292 frequentantes
1333 1201 1438 1274 iuxta
1454 1198 1583 1272 discre-

238 1315 373 1383 tionem
390 1313 548 1384 cantoris
561 1312 623 1404 qui
640 1312 735 1384 bene
751 1309 867 1384 sciant
883 1319 1031 1383 cantare
1047 1311 1272 1403 prouideudo
1286 1312 1382 1404 quod
1395 1313 1467 1384 duo
1485 1326 1770 1448 cero-catceati?
1787 1331 1816 1384 ct

237 1424 351 1517 ferarij
370 1433 410 1496 et
426 1424 488 1516 alij
506 1425 578 1494 duo
604 1424 834 1517 thuribularij
861 1418 1031 1493 interfiat
1051 1423 1242 1494 matutinis
1263 1431 1302 1494 et
1327 1445 1458 1518 magne
1484 1394 1775 1496 milseffiu‘ffi'l‘tl

237 1537 296 1628 qui
320 1538 499 1630 recipient
523 1532 703 1629 stipendia
727 1537 774 1608 de
800 1534 1007 1607 communia
1031 1544 1072 1604 et
1097 1534 1143 1606 ad
1167 1536 1340 1608 continue
1364 1537 1582 1608 veniendum

236 1647 499 1742 compellantur
515 1670 581 1742 per
597 1645 807 1742 magistrum
825 1647 1000 1718 scolarum
1019 1646 1065 1716 de
1083 1645 1257 1718 Aberdou
1275 1687 1283 1704 ·

581 1815 641 1888 De
658 1811 916 1888 constitutione
933 1823 1207 1906 procuratorum
1225 1855 1233 1873 ·

235 1983 330 2057 Item
351 1982 544 2057 statuimus
560 1984 658 2077 quod
674 1981 916 2076 musquisque
939 1984 1136 2055 canonicus
1161 1979 1289 2054 absens
1313 1995 1580 2076 procuratorem

235 2098 367 2170 habeat
392 2098 608 2168 canonicum
629 2097 669 2166 in
684 2095 754 2188 hijs
772 2119 843 2188 que
860 2093 1022 2190 spedant
1038 2095 1084 2166 ad
1101 2115 1185 2166 eum
1210 2096 1249 2164 iu
1274 2095 1433 2188 capitulo
1451 2107 1490 2168 et
1507 2121 1580 2167 non

234 2209 344 2280 alium
362 2250 371 2266 ·
390 2205 718 2299 Quocienscunque
735 2207 919 2278 vocandus
935 2207 1047 2278 suerit
1064 2207 1194 2298 aliquis
1211 2207 1405 2278 canonicus
1422 2232 1486 2301 pro
1503 2211 1581 2300 qui·

235 2318 443 2412 buscuuque
459 2320 621 2414 negocijs
638 2314 828 2391 ecclesiam
846 2318 1092 2391 cathedralem
1109 2316 1171 2388 seu
1188 2315 1355 2411 personas
1372 2313 1481 2411 ipsrus
1498 2343 1583 2391 con·

235 2433 460 2526 tingentibus
487 2427 642 2504 sufficiat
671 2428 787 2523 ipsum
817 2431 921 2502 citari
947 2430 986 2500 in
1011 2429 1121 2500 choro
1146 2439 1184 2500 et
1208 2431 1249 2499 iu
1275 2426 1379 2502 stallo
1396 2429 1459 2502 suo
1482 2443 1521 2502 et
1543 2434 1580 2500 iu

235 2544 416 2635 prebenda
427 2540 492 2614 sua
503 2579 513 2597 ·
524 2537 552 2612 sr
564 2538 691 2614 absens
703 2542 814 2612 suerit
827 2537 937 2635 ipsius
949 2543 1172 2633 procuratori
1186 2538 1338 2613 sufficiat
1351 2542 1559 2615 denunciari
1573 2585 1579 2600 ·

234 2768 272 2840 Si
289 2770 371 2861 quis
388 2777 514 2839 autem
533 2775 661 2840 contra
677 2770 772 2838 hanc
788 2761 909 2835 nostre
926 2763 1163 2835 ordinationis
1188 2767 1355 2859 paginam
1373 2763 1434 2838 seu
1451 2764 1581 2838 consti-

233 2881 384 2952 tutionis
397 2876 489 2951 ausu
506 2879 701 2952 temerario
717 2879 843 2948 venire
862 2873 1117 2970 presumpserit
1133 2873 1318 2948 sentencia
1334 2882 1581 2950 excommuni-

233 2994 385 3064 cationis
402 2993 620 3064 auttoritate
636 2989 837 3084 pontificali
855 2986 892 3060 se
908 2989 1053 3059 nouerit
1078 2989 1293 3061 innodatum
1311 3030 1320 3047 ·
1340 2988 1384 3059 Iu
1401 2986 1582 3083 premisso-

233 3127 312 3175 rum
329 3115 454 3176 autem
481 3105 645 3174 omnium
672 3099 921 3173 testimonium
944 3109 984 3170 et
1009 3102 1198 3172 munimen
1224 3098 1380 3195 appensa
1396 3101 1479 3171 liant
1496 3101 1581 3173 huic

232 3214 363 3309 scripto
394 3212 512 3310 sigilla
541 3213 759 3286 venerabilis
788 3214 902 3306 patris
932 3195 1032 3282 Petri
1063 3207 1217 3305 episcopi
1242 3209 1512 3284 Aberdoneufis
1542 3225 1580 3284 et

232 3327 383 3421 capituli
400 3351 473 3398 vua
487 3349 574 3398 cum
591 3321 908 3417 subscriptionibus
925 3325 1182 3394 canonioomm
1201 3365 1209 3382 ·
1229 3325 1326 3398 Asta
1350 3326 1446 3419 apud
1463 3325 1581 3398 Aber-

231 3440 303 3510 dou
321 3481 330 3496 ·
350 3441 493 3511 decimo
509 3447 639 3530 quarto
659 3435 834 3507 kalendas
852 3437 943 3528 Maij
962 3459 1058 3508 anno
1077 3434 1226 3507 Domini
1243 3436 1433 3509 millesimo
1447 3438 1580 3510 ducen-

232 3548 359 3622 tesimo
375 3546 674 3646 quinquagesimo
691 3544 795 3618 sexto
814 3589 823 3604 ·

567 3771 718 3844 Hauon
735 3771 1085 3844 Cousrrrucrouuu
1104 3771 1215 3844 Frrus
1232 3814 1239 3830 ·

231 4109 291 4181 De
320 4108 581 4182 sustentatione
609 4107 843 4180 luminarium
870 4115 910 4179 et
937 4106 1091 4179 aliorum
1125 4103 1399 4179 necessariorum
1431 4108 1579 4182 ecetefie

230 4218 516 4294 Abbirdonensrs
545 4228 585 4292 et
615 4219 661 4290 de
691 4217 936 4290 declaratione
964 4218 1071 4310 officij
1101 4216 1308 4312 thesaurarij
1338 4229 1376 4292 et
1406 4219 1579 4293 coustitu-

231 4334 372 4404 tionum
390 4331 580 4405 reuerendi
599 4331 712 4425 patris
726 4329 827 4401 Petri
845 4326 1001 4423 episcopi
1016 4324 1285 4402 Aberdouenfis
1302 4333 1387 4403 anni
1405 4334 1576 4426 prodisti·

231 4532 426 4631 Omnibus
441 4552 562 4626 santte
586 4555 714 4625 matris
739 4547 890 4624 ecclesie
915 4551 999 4645 filijs
1024 4549 1168 4646 presens
1188 4549 1360 4647 scriptum
1378 4554 1503 4628 visuris
1520 4559 1578 4629 vel

230 4669 408 4742 audituris
426 4665 604 4737 Ricardus
628 4660 858 4735 miseratione
883 4663 1008 4737 diuina
1034 4660 1184 4736 ccclefic
1201 4663 1487 4740 Abbirdoueusrs
1512 4672 1579 4740 mi-

283 4799 368 4852 von
387 4798 429 4848 11.
891 4794 917 4845 o
