4050 5534
469 553 537 616 114
981 539 1287 618 REGISTRUM
1649 545 1801 640 [sucum

468 746 565 817 Item
582 745 728 815 domino
746 742 908 816 Roberto
926 743 1089 840 Douglas
1178 797 1186 812 .
1289 797 1296 812 .
1399 799 1406 812 .
1537 744 1622 838 xxvj
1641 747 1670 818 ἔ.
1689 747 1748 838 viij
1767 741 1804 816 d.

469 857 566 928 Item
584 853 753 952 magistro
769 856 930 928 Johonni
947 856 1118 928 Cbelmer
1183 909 1191 925 .
1293 909 1300 924 .
1403 909 1410 924 .
1538 856 1623 950 xxvj
1642 859 1671 930 ἔ.
1691 859 1750 951 viij
1769 853 1804 928 d.

468 969 565 1040 Item
583 970 729 1040 domino
745 969 904 1040 Johcnni
923 967 1113 1062 Melysone
1177 1021 1625 1038 .....
1709 993 1758 1040 xx
1777 972 1805 1040 ἔ.

469 1081 565 1152 Item
584 1081 729 1152 domino
748 1080 950 1152 Wilhelmo
966 1079 1168 1153 Thomsone
1288 1134 1297 1151 .
1400 1137 1407 1150 .
1509 1135 1517 1152 .
1619 1136 1628 1152 .
1708 1105 1758 1154 xx
1777 1085 1804 1154 ἔ.

469 1193 566 1265 Item
583 1193 730 1264 domino
748 1193 772 1264 J
774 1193 885 1266 ocobo
903 1191 1100 1266 Swentone
1776 1196 1794 1212 ’”

852 1305 1004 1378 Summa
1020 1305 1083 1398 xiij
1102 1305 1165 1377 lib.
1184 1307 1247 1399 xiij
1266 1307 1295 1378 ἔ.
1314 1306 1364 1398 iiij
1382 1301 1418 1378 d.

935 1529 986 1601 Et
1001 1524 1051 1602 fic
1067 1526 1206 1602 restant
1223 1529 1260 1624 lij
1280 1527 1341 1601 lib

470 1643 529 1716 De
545 1668 615 1739 qua
631 1645 770 1718 summa
786 1644 926 1716 duobus
943 1640 1107 1716 sacristis·
1172 1695 1623 1714 .....
1676 1667 1726 1716 xx
1743 1643 1807 1715 lib.

470 1756 566 1828 Item
583 1756 644 1828 sex
661 1759 781 1850 pueris
797 1756 895 1827 chori
913 1778 997 1827 cum
1014 1776 1140 1826 eorum
1156 1754 1340 1826 habitibus
1356 1755 1461 1826 iuxta
1478 1751 1620 1826 institu-

519 1871 656 1940 tionem
680 1869 816 1941 domini
840 1864 950 1940 nostri
980 1863 1137 1960 episcopi
1163 1867 1313 1940 cuilibet
1339 1890 1464 1939 eorum
1490 1868 1524 1960 vj
1555 1866 1618 1938 lib.

519 1981 671 2053 Summo
730 2031 1512 2052 ........
1616 1981 1727 2073 xxxrp'
1747 1978 1809 2051 lib.

470 2093 519 2164 Et
546 2090 595 2166 fic
618 2093 943 2187 superexpanditur
964 2131 1116 2150 ·····
1144 2093 1194 2186 iiij
1221 2090 1312 2162 libre
1337 2090 1507 2164 soluende
1533 2093 1579 2164 de
1604 2095 1810 2164 communia

519 2205 668 2299 capituli
686 2208 801 2278 donec
817 2205 925 2278 aliter
941 2205 1051 2276 fucrit
1068 2202 1249 2300 prouisum
1267 2241 1276 2260 ·

470 2431 751 2502 Memorandum
772 2431 867 2522 quod
893 2425 1064 2524 magister
1088 2428 1267 2524 Georgius
1285 2427 1414 2525 gorng
1439 2431 1500 2523 qui
1527 2453 1625 2503 nunc
1650 2426 1810 2519 desertu't

470 2539 572 2613 stallo
592 2543 739 2614 rectoris
763 2543 809 2614 de
834 2540 998 2634 Kynkell
1024 2542 1208 2634 percipere
1232 2541 1343 2614 habet
1369 2543 1414 2614 de
1440 2543 1567 2616 eodem
1593 2540 1697 2616 stallo
1715 2543 1812 2615 sum·

468 2678 564 2726 mam
586 2657 714 2750 ἤμει
737 2677 938 2726 marcorum
964 2663 1109 2726 tantum
1134 2691 1144 2707 ·
1172 2653 1221 2724 Et
1246 2649 1293 2725 src
1319 2649 1455 2727 restent
1481 2656 1526 2727 de
1552 2657 1679 2729 eodem
1706 2653 1811 2728 stallo

468 2776 622 2860 quatuor
654 2789 775 2838 marce
800 2765 898 2838 seluo
924 2763 1018 2836 iusto
1052 2765 1192 2838 calculo
1217 2762 1462 2840 distribuendo
1487 2769 1532 2840 nd
1558 2766 1812 2841 discretionem

469 2879 603 2950 domini
622 2889 661 2950 et
679 2877 732 2950 sui
749 2877 925 2973 capituli·

470 3100 621 3198 Insuper
644 3103 760 3174 didus
786 3103 1007 3174 reuerendus
1033 3112 1135 3195 pater
1161 3104 1206 3174 de
1231 3099 1401 3196 expressis
1429 3101 1600 3176 consensu
1618 3115 1656 3176 et
1673 3101 1813 3178 assensu

470 3216 555 3287 dicti
586 3213 638 3286 sui
667 3215 816 3308 capituli
851 3211 1043 3310 adsignauit
1076 3215 1122 3285 de
1156 3214 1329 3286 fructibus
1363 3216 1494 3288 vicarie
1528 3214 1676 3289 ecclesie
1711 3217 1813 3291 beati

470 3326 639 3399 Nicholai
658 3328 704 3398 de
720 3325 907 3398 Abirdene
934 3327 1109 3397 summam
1137 3324 1198 3397 sex
1224 3326 1396 3398 librarum
1413 3331 1600 3400 annuatim
1618 3329 1815 3402 leuandam

469 3449 508 3510 et
538 3440 803 3533 percipiendam
838 3440 882 3510 cd
910 3434 1211 3510 sustentationem
1246 3439 1422 3510 dictorum
1452 3436 1513 3510 sex
1547 3463 1741 3534 puerorum
1774 3457 1815 3514 et

470 3575 594 3623 eorum
628 3552 818 3623 habituum
854 3560 961 3644 prout
994 3551 1144 3621 inferius
1173 3548 1333 3644 sequitur
1363 3561 1401 3622 et
1431 3553 1526 3645 quod
1561 3549 1713 3646 desuper
1747 3553 1815 3626 fiet

469 3663 641 3758 scriptum
666 3665 892 3736 autenticum
910 3665 947 3734 in
965 3663 1111 3758 publica
1135 3665 1251 3734 forme
1273 3659 1338 3734 sub
1365 3661 1427 3764 suo
1450 3660 1566 3759 sigillo
1592 3665 1749 3736 rotundo
1774 3677 1815 3738 et

471 3777 585 3873 sigillo
603 3779 786 3849 communi
805 3775 954 3870 capituli
972 3779 1010 3846 in
1029 3777 1191 3847 uberiore
1209 3775 1344 3846 sorma-

471 4003 568 4073 ltem
586 4003 631 4073 de
648 3998 710 4072 sex
729 4003 848 4093 pueris
866 4001 1057 4072 antedictis
1083 3995 1258 4070 statutum
1276 4007 1315 4070 et
1331 3996 1537 4071 ordinatum
1555 3997 1721 4094 estquod
1740 3999 1816 4076 sint

470 4114 589 4185 induti
606 4114 700 4207 togis
717 4111 891 4184 talaribus
904 4111 1016 4203 bleuij
1030 4111 1066 4204 ly
1080 4109 1173 4181 blew
1187 4110 1316 4183 coloris
1334 4122 1372 4182 et
1389 4107 1647 4206 superpellicijs
1665 4117 1818 4188 mundis

471 4248 582 4317 quum
613 4220 683 4295 {int
711 4225 749 4294 in
778 4223 885 4295 choro
913 4245 996 4295 cum
1024 4223 1203 4316 capitibus
1231 4220 1342 4295 tonsis
1364 4219 1475 4294 instar
1497 4224 1742 4321 religiosomm
1776 4243 1818 4302 et

471 4335 701 4418 compereunt
720 4325 756 4394 in
774 4320 845 4394 suis
869 4322 1053 4394 habitibus
1070 4323 1107 4392 in
1125 4323 1198 4394 fine
1224 4319 1370 4395 secundi
1396 4321 1517 4417 pulsus
1543 4325 1587 4396 nd
1613 4330 1820 4402 matutinas

471 4447 557 4507 onte
574 4434 688 4507 altare
704 4435 789 4506 diue
807 4435 954 4528 virginis
973 4431 1093 4506 Marie
1111 4457 1157 4506 ex
1175 4443 1277 4528 porte
1294 4431 1439 4508 australi
1457 4433 1607 4510 ecclesie
1620 4448 1658 4510 et
1674 4439 1818 4512 ibidem
