4050 5534
591 1868 815 1967 metult
852 1870 1260 1972 nunnuttnnutn

255 2320 411 2393 Rentale
438 2319 583 2415 burserij
614 2322 754 2393 firndati
785 2322 823 2393 in
834 2321 1005 2506 Sceollegio
1038 2347 1104 2417 per
1136 2321 1341 2420 magistrum
1372 2326 1590 2400 Duneenum

882 2434 986 2506 herer
999 2475 1007 2492 ·

256 2636 310 2733 ln
335 2661 460 2756 primis
485 2662 530 2731 de
555 2660 659 2731 terris
676 2657 830 2731 Henriei
845 2657 1001 2730 Chumer
1025 2660 1064 2732 in
1090 2661 1204 2757 burgo
1230 2663 1276 2735 de
1299 2661 1435 2735 Kintor
1457 2664 1534 2764 xiiij
1559 2670 1588 2740 ἓ.

252 2782 360 2869 prout
381 2770 542 2867 sequitur
570 2771 741 2844 videlieet
776 2792 888 2841 vnum
921 2794 1083 2843 annuum
1109 2774 1291 2846 redditum
1316 2799 1339 2844 v
1365 2776 1394 2847 ἕ.
1427 2778 1590 2854 deterre

179 2886 181 2895 ’
253 2885 391 2958 'l'home
417 2883 551 2956 Affrnis
577 2883 613 2956 le
642 2881 739 2954 Perk
770 2894 898 2955 vocate
926 2884 1068 2957 incente
1097 2886 1190 2957 infru
1203 2886 1356 2982 burgum
1383 2890 1428 2961 de
1453 2890 1590 2965 Kintor

253 3022 300 3070 ex
325 2997 452 3069 boriali
476 3006 579 3091 perte
604 2994 762 3069 eiusdem
790 2996 895 3091 burgi
919 2997 1017 3068 inter
1036 3006 1170 3075 terram
1194 2998 1371 3073 Joha-nnie
1396 3002 1518 3076 Smart
1542 3030 1587 3078 ex

253 3110 421 3183 orientali
450 3118 489 3181 et
517 3109 636 3181 lacum
662 3132 709 3180 ex
733 3108 947 3182 oecidentuli
967 3148 976 3166 ·
997 3107 1049 3180 Et
1075 3132 1186 3181 vnum
1214 3134 1375 3183 annuum
1404 3116 1586 3188 redditum

252 3246 273 3291 v
300 3226 330 3296 ἓ.
357 3223 403 3295 de
428 3221 567 3293 duabus
596 3222 780 3314 pertinatia
805 3230 901 3293 terre
926 3222 1013 3292 disti
1033 3221 1210 3294 Johannis
1237 3222 1360 3295 Smurt
1385 3226 1585 3301 inuentibus

251 3358 298 3407 ex
318 3332 464 3408 australi
485 3342 587 3426 parte
613 3329 772 3404 eiusdem
796 3332 899 3428 burgi
923 3334 1019 3405 inter
1046 3342 1179 3407 terrum
1206 3336 1378 3408 heredum
1406 3341 1586 3432 quondum

251 3446 427 3519 Johennis
445 3444 579 3517 Forbes
605 3468 651 3516 ex
677 3444 843 3516 orientali
870 3455 908 3517 et
933 3454 1067 3518 terrum
1092 3448 1179 3518 dini
1195 3446 1371 3520 Johunnis
1394 3449 1516 3523 Smurt
1538 3477 1585 3525 ex

252 3556 465 3631 occidentali
503 3594 512 3613 ·
542 3555 593 3629 Et
619 3578 731 3627 vnum
765 3579 925 3629 annuum
955 3559 1138 3629 redditum
1172 3558 1224 3652 iiij
1259 3561 1300 3633 i·
1315 3561 1360 3631 de
1389 3563 1487 3634 rudis
1509 3560 1584 3637 siue

251 3670 435 3763 pertinetis
461 3679 557 3740 terre
594 3667 724 3764 prefati
759 3666 937 3741 Johennis
973 3667 1095 3741 Smert
1125 3672 1326 3745 iacentibus
1360 3696 1406 3745 ex
1440 3672 1584 3750 australi

249 3792 350 3875 perte
369 3780 526 3853 eiusdem
545 3779 649 3875 burgi
667 3782 765 3852 inter
776 3790 909 3853 terrem
925 3780 1103 3853 Johennis
1120 3780 1269 3876 Dennys
1286 3807 1332 3856 ex
1350 3787 1583 3861 occidentali·

251 3892 398 3988 Insuper
422 3893 520 3964 idem
545 3891 727 3964 Henrieus
753 3892 853 3964 dedit
876 3888 1119 3986 poiseffionem
1136 3903 1175 3966 et
1190 3891 1339 3967 safinam
1364 3896 1513 3971 ecelefie
1538 3903 1583 3974 de

249 4008 356 4079 certis
373 4002 454 4101 eiijs
470 4006 576 4076 terris
593 4001 658 4076 iibi
676 4005 942 4099 pertinentibus
958 4029 1024 4099 pro
1041 4004 1145 4078 distis
1170 4010 1441 4099 quatuordecim
1463 4009 1582 4085 solidis

248 4130 286 4190 et
303 4115 454 4213 desuper
470 4127 606 4189 certem
622 4114 722 4188 suum
738 4140 821 4188 cum
840 4111 955 4211 sigillo
972 4127 1010 4188 et
1027 4141 1110 4189 cum
1128 4114 1244 4213 sigillo
1266 4119 1392 4193 bellini
1408 4145 1472 4216 pro
1489 4134 1582 4197 tem-

247 4254 331 4325 pore
348 4232 386 4301 in
403 4227 595 4324 specialem
613 4238 820 4301 vetrentum
843 4229 1018 4301 diuorum
1044 4253 1245 4302 annnorum
1266 4232 1472 4305 reddituum
1494 4260 1582 4330 que·

247 4343 446 4415 tuordecim
466 4339 658 4413 solidorum
684 4350 792 4435 prout
819 4340 930 4413 leuius
958 4342 995 4413 in
1025 4352 1125 4415 certe
1151 4340 1214 4414 suu
1243 4341 1394 4439 desuper
1420 4350 1582 4423 consona

246 4456 454 4527 continetur
478 4494 494 4511 ··
513 4452 562 4525 Et
592 4476 704 4525 vnum
726 4476 886 4525 annuum
909 4453 1093 4525 redditum
1116 4454 1154 4546 iij
1182 4456 1212 4526 i.
1230 4457 1276 4526 de
1298 4466 1453 4549 quatuor
1471 4466 1582 4554 perti-

244 4570 334 4641 eetis
348 4578 522 4639 terrerum
542 4565 722 4636 Willelmi
737 4563 938 4637 Thomsone
957 4566 1051 4638 infre
1066 4566 1203 4637 dittum
1219 4566 1373 4664 burgum
1390 4594 1437 4643 ex
1454 4572 1581 4648 boriuii
