4050 5534
236 668 336 762 xva]
684 667 1087 744 ABERDONENSE.
1503 683 1574 749 233

233 871 361 942 eodem
396 871 476 942 rico
506 871 603 941 inter
627 877 760 942 terram
786 871 870 941 dini
895 869 1033 944 Thome
1060 871 1195 945 Litster
1228 898 1274 945 ex
1308 886 1409 970 parte
1436 877 1571 948 boreali

233 995 271 1056 et
287 994 421 1055 terram
437 981 575 1054 Thome
591 980 687 1053 club
704 1006 750 1053 ex
768 991 870 1075 parte
888 979 1032 1056 australi
1050 1025 1059 1043 ·
1079 985 1130 1057 Et
1147 1009 1258 1059 vnum
1276 1011 1434 1059 annuum
1455 989 1572 1060 reddi-

234 1107 314 1167 tum
329 1119 382 1168 xx
399 1093 434 1166 (l.
453 1096 498 1167 de
515 1104 611 1167 terra
636 1095 719 1166 dicti
746 1094 884 1166 Thome
902 1095 997 1168 Club
1019 1099 1162 1170 iacente
1180 1101 1217 1170 in
1236 1101 1362 1171 eodem
1380 1102 1459 1172 vico
1477 1104 1573 1173 inter

234 1219 366 1280 terram
382 1207 520 1279 Thome
543 1206 654 1278 Traill
671 1217 836 1300 exparte
862 1207 987 1279 boriali
1006 1220 1044 1280 et
1061 1219 1193 1282 terram
1218 1210 1395 1284 Johannis
1413 1213 1508 1308 Crag
1525 1238 1572 1285 ex

234 1317 491 1415 purteaustrali
510 1360 518 1376 ·
547 1318 596 1390 Et
614 1342 725 1390 vnum
742 1342 904 1390 annuum
923 1321 1104 1392 redditum
1119 1325 1156 1394 ix
1170 1327 1199 1396 ἓ.
1219 1325 1263 1395 de
1277 1334 1374 1396 terra
1391 1325 1571 1396 Willelmi

237 1433 324 1532 Mor
351 1436 492 1505 iacente
522 1434 560 1502 in
593 1433 671 1503 vico
696 1432 845 1502 nauium
876 1432 961 1502 ditti
991 1434 1094 1529 burgi
1131 1437 1227 1508 inter
1260 1447 1392 1509 terram
1423 1437 1571 1510 Andree

237 1545 347 1617 Alani
373 1569 419 1616 ex
444 1554 547 1638 parte
571 1543 783 1616 occidentali
811 1553 861 1615 ets
875 1544 1094 1618 antedistam
1112 1555 1245 1620 terram
1269 1571 1388 1621 meam
1406 1559 1572 1643 exparte

237 1659 428 1731 orientali·
459 1658 508 1730 Et
535 1681 646 1729 vnum
673 1679 834 1729 annuum
861 1658 1043 1729 redditum
1068 1660 1114 1752 vij
1142 1661 1171 1732 ἓ.
1199 1671 1237 1731 et
1266 1664 1303 1754 xj
1333 1658 1369 1732 d.
1400 1663 1445 1733 de
1475 1671 1573 1733 terra

237 1771 413 1844 Johannis
430 1771 545 1844 Gonia
558 1773 597 1842 in
615 1772 710 1842 dicto
728 1772 808 1842 vico
832 1773 930 1842 inter
945 1770 1120 1864 predistas
1146 1783 1259 1844 terras
1284 1795 1382 1845 meas
1400 1797 1446 1845 ex
1465 1777 1573 1866 parti-

238 1885 304 1955 bus
323 1883 537 1955 occidentali
555 1892 592 1954 et
611 1882 803 1954 orientali·
823 1881 874 1953 Et
897 1905 1006 1952 vnum
1032 1905 1192 1954 annuum
1218 1885 1399 1956 redditum
1417 1887 1455 1957 xl
1473 1884 1509 1958 (l.
1529 1887 1574 1958 de

239 2007 335 2068 terra
357 1995 538 2068 Willelmi
563 1995 658 2066 Club
683 1992 823 2090 pistoris
848 1997 990 2067 iacente
1016 1995 1121 2067 iuxta
1142 1996 1251 2068 finem
1278 1997 1363 2068 ditti
1385 1999 1454 2069 vici
1480 1999 1576 2070 inter

240 2119 372 2180 terram
401 2109 581 2201 quondam
610 2107 768 2180 Gilberti
795 2106 947 2178 Masone
973 2130 1018 2177 ex
1046 2117 1149 2200 parte
1179 2108 1346 2180 orientali
1374 2119 1412 2180 et
1441 2121 1574 2182 terram

240 2220 419 2292 Willelmi
438 2221 704 2312 Lammyntone
729 2243 775 2291 ex
802 2229 905 2312 parte
921 2215 1065 2290 australi
1083 2230 1120 2292 et
1138 2220 1227 2290 duas
1253 2223 1328 2290 vias
1355 2223 1479 2316 regias*
1496 2233 1572 2294 tam

240 2356 284 2404 ex
302 2343 404 2426 parte
421 2333 554 2405 boreali
574 2357 682 2426 quarn
700 2330 916 2403 occidentali
935 2370 944 2387 ·
968 2376 972 2386 ι

340 2445 441 2517 Nota
455 2447 553 2538 quod
570 2468 694 2543 omnes
718 2442 904 2537 prescripti
922 2445 1031 2514 annui
1049 2445 1210 2516 redditu·
1236 2455 1412 2516 terrarum
1430 2444 1512 2516 sunt
1531 2448 1575 2517 de

339 2559 450 2629 fundo
477 2557 630 2652 ipsarum
658 2555 933 2650 prescriptorum
958 2565 1067 2647 prout
1094 2555 1205 2628 lacius
1227 2558 1265 2626 in
1292 2558 1401 2628 cartis
1427 2555 1577 2652 desuper
1665 2569 1667 2573 ‘

339 2672 510 2742 conicitis
523 2671 665 2765 plenius
682 2670 889 2741 continetur
906 2706 915 2724 ·

291 2890 468 2989 Magister
485 2893 683 2965 Dunoanus
697 2891 851 2964 Scherar
875 2893 991 2980 testor
1007 2893 1053 2964 do
1070 2892 1156 2964 Clat
1173 2894 1317 2963 ornauit
1334 2903 1372 2963 et
1391 2892 1576 2964 decorauit

243 3008 377 3077 dictum
395 3005 509 3078 altare
526 3003 638 3077 sensti
655 3003 813 3076 Duthaoi
840 3027 923 3075 cum
940 3003 1053 3076 calice
1078 3006 1219 3098 argenti
1242 3027 1324 3074 cum
1350 3006 1577 3098 ymaginibus

241 3117 442 3192 sanstorum
477 3117 615 3189 Moloci
649 3115 771 3187 Fotini
812 3115 1031 3211 Kentigerni
1066 3126 1104 3187 et
1138 3114 1256 3188 santio
1290 3114 1439 3210 Brigide
1474 3113 1578 3211 supra

243 3233 392 3304 calicem
408 3241 447 3302 et
464 3231 502 3300 in
518 3239 651 3323 patena
674 3227 835 3300 eiusdem
861 3251 944 3301 oum
970 3230 1136 3324 ymagine
1153 3229 1259 3300 beate
1287 3226 1405 3300 Mario
1430 3230 1577 3324 virginis

244 3345 423 3416 deauratis
439 3352 478 3413 et
495 3364 577 3413 oum
595 3336 742 3412 diuersis
758 3341 838 3433 alijs
855 3342 1076 3412 ornamentis
1102 3379 1110 3397 ·
1138 3337 1188 3411 Et
1206 3363 1288 3410 oum
1306 3337 1407 3411 sedili
1425 3349 1510 3411 ante
1528 3341 1578 3412 al-

244 3467 321 3527 tare
338 3453 443 3548 supra
459 3453 553 3546 quod
570 3475 703 3546 ponere
719 3453 807 3524 fecit
824 3475 936 3523 vnum
952 3453 1122 3524 volumen
1140 3450 1291 3546 ligatum
1310 3453 1348 3520 in
1365 3474 1436 3543 quo
1453 3453 1579 3545 incipi-

244 3577 312 3638 unt
334 3564 513 3637 sermones
538 3565 657 3636 fratris
682 3561 862 3636 Willelmi
889 3563 1043 3660 Lugdon
1069 3565 1114 3635 do
1140 3559 1298 3658 epistolis
1322 3564 1361 3633 in
1391 3564 1578 3634 dominicis

245 3679 371 3750 diebus
386 3698 597 3771 perannum
615 3713 624 3732 ·
641 3685 679 3746 et
704 3698 813 3751 vnum
832 3676 1076 3770 martilogium
1103 3687 1141 3747 et
1159 3697 1270 3745 vnum
1295 3671 1503 3767 psalterium
1522 3699 1579 3748 ca-

246 3791 429 3862 thenauda
452 3810 581 3885 coram*
597 3787 692 3858 dicto
717 3787 822 3859 altari
846 3788 891 3858 ad
916 3784 1027 3858 sedile
1053 3785 1125 3858 sine
1152 3784 1322 3856 stallum·
1342 3795 1379 3857 et
1405 3809 1470 3879 pro
1497 3787 1578 3859 Deo

247 3916 346 3974 orate
362 3926 426 3997 pro
443 3925 487 3973 eo
504 3910 641 3972 etcum
660 3922 730 3968 vno
747 3899 923 3970 breuiario
940 3900 978 3969 in
995 3901 1201 3992 percamino
1219 3898 1436 3970 cathenato·

347 4122 503 4196 Rentalc
516 4123 561 4194 ad
574 4121 767 4194 emendum
780 4145 911 4215 panem
922 4132 960 4193 et
975 4123 1098 4191 vinum
1116 4141 1241 4191 recens
1258 4120 1448 4190 annuatim
1466 4115 1602 4189 distri-x

345 4236 529 4308 buendum
547 4234 591 4305 de
609 4235 667 4305 die
683 4235 721 4306 in
747 4235 844 4305 diem
862 4229 1009 4328 singulis
1034 4233 1137 4304 annis
1159 4229 1354 4323 capellanis
1371 4231 1407 4300 in
1433 4225 1581 4302 ecclesia

346 4347 539 4443 parochiali
555 4346 653 4417 beati
670 4343 839 4419 Nicholoi
850 4345 1084 4418 celebraturis
1100 4365 1165 4438 pro
1182 4339 1452 4414 consecratione
1469 4340 1581 4414 sacra·
1613 4350 1617 4360 '

345 4461 494 4532 menti·

298 4571 344 4643 In
380 4572 504 4666 primis
537 4592 647 4642 vnum
681 4587 855 4644 annuum
882 4569 1065 4640 redditum
1100 4570 1137 4638 ix
1172 4569 1200 4640 ἔ.
1237 4567 1281 4638 de
1316 4577 1411 4639 terra
1444 4564 1581 4638 Thorne

299 4705 383 4756 von.
404 4705 443 4754 11.
893 4687 971 4752 tto
