4050 5534
809 1422 1007 1521 mitat
1048 1424 1377 1541 quintiniani.

476 1848 600 1923 Mrssn
631 1868 874 1927 uuorrnmna
904 1870 1009 1922 nona
1035 1869 1140 1921 nonu
1166 1869 1268 1921 rura
1293 1870 1492 1922 nummum
1517 1868 1771 1922 curuanrnna

476 1984 549 2037 rao
579 1982 724 2036 ananan
755 1983 878 2035 aurun
912 1981 1170 2035 vnnnnaruma
1196 1980 1282 2037 vrar
1315 1982 1498 2037 uranum
1532 1962 1771 2034 Aramum

476 2076 689 2149 Garunnam
717 2095 901 2149 canonrcr
930 2074 1235 2148 Anunuonnnara
1260 2096 1307 2147 nr
1334 2095 1596 2148 raanannnan
1624 2095 1648 2144 a
1672 2072 1773 2145 Κικ-

475 2209 574 2261 nanu
601 2209 674 2261 rao
700 2206 844 2259 annurn
870 2206 1080 2259 urrunnun
1108 2207 1151 2257 m
1178 2206 1429 2261 runnrrmna
1455 2206 1671 2259 urrunnun
1698 2207 1773 2258 rar

475 2320 652 2373 vrcanros
668 2319 789 2373 cnonr
808 2318 986 2373 noctuam
1005 2318 1271 2373 carnnnarma
1291 2299 1622 2373 Auaanonansra·

427 2498 516 2601 Die
543 2527 724 2599 dominica
747 2520 847 2599 miffa
864 2534 905 2597 vt
921 2525 1104 2619 contingit
1128 2548 1194 2619 per
1219 2548 1355 2599 annum
1373 2566 1383 2584 ·
1402 2526 1508 2599 Faria
1532 2524 1690 2597 iucunda
1706 2546 1773 2618 pro

424 2641 611 2714 animabus
641 2640 804 2710 omnium
830 2637 993 2711 fidelium
1018 2636 1274 2711 defuuitorum
1290 2678 1300 2697 ·
1318 2638 1426 2713 Faria
1450 2640 1560 2713 tertia
1582 2637 1629 2709 de
1650 2633 1774 2709 fanno

426 2750 600 2825 Michaeli
618 2750 833 2846 archangelo
847 2790 856 2809 ·
870 2750 976 2822 Faria
992 2758 1121 2843 quarta
1137 2750 1184 2822 de
1201 2749 1336 2825 Sanun
1348 2748 1488 2846 Spiritu
1499 2790 1509 2810 ·
1521 2749 1628 2823 Faria
1644 2750 1774 2841 quintu

425 2866 470 2937 de
489 2863 713 2937 Vulneribus
731 2862 868 2936 domini
894 2860 1006 2934 nostri
1023 2860 1106 2933 Iesu
1124 2860 1285 2935 Christi·
1303 2863 1409 2936 Faria
1426 2861 1528 2935 sexta
1545 2862 1592 2935 do
1609 2861 1773 2933 Nomine

425 2975 506 3048 Iesu
523 3014 532 3031 ·
551 2960 711 3048 Sabbata
730 2975 775 3047 de
790 2973 914 3048 sanita
939 2973 1085 3048 Maria·
1103 2974 1273 3049 Vnaeum
1292 2972 1440 3072 singulis
1465 2975 1593 3047 diebus
1619 2974 1774 3047 dicendo

423 3088 599 3182 psalmum
628 3088 675 3159 da
702 3088 890 3181 profundis
923 3082 1003 3181 post
1027 3082 1167 3159 miffam
1191 3112 1257 3183 pro
1281 3089 1475 3161 fundatore
1499 3110 1584 3159 aum
1609 3084 1774 3160 callentis

423 3197 605 3272 consuetis
624 3224 707 3273 eum
726 3194 925 3295 aspersione
938 3221 1032 3291 aque
1044 3199 1235 3275 beneditio
1246 3198 1354 3295 super
1369 3202 1559 3273 audientes
1568 3196 1773 3272 huiusmodi

423 3308 540 3385 miffus
557 3320 666 3408 prout
684 3312 762 3384 dias
786 3308 861 3406 ipsa
876 3311 1028 3405 requirit
1054 3334 1119 3407 pro
1146 3308 1277 3405 quibus
1302 3312 1390 3384 diui
1418 3313 1540 3405 vioarij
1566 3312 1772 3406 percepturi

424 3424 506 3497 iirnt
523 3422 672 3520 singulis
690 3424 793 3497 annia
811 3425 937 3497 decem
955 3424 1091 3496 libras·

475 3756 614 3835 Tanau
651 3784 699 3835 ar
734 3783 855 3835 annm
891 3781 1085 3834 nummus
1121 3782 1170 3833 nx
1201 3780 1342 3842 ouruua
1373 3781 1488 3837 ursan
1531 3784 1770 3843 ouorrnmnr

473 3896 664 3948 urrunnun
693 3896 872 3947 runnaru
903 3895 943 3947 ru
973 3896 1146 3947 scamma
1174 3896 1340 3948 aunuum
1370 3896 1554 3949 axrrnsra
1583 3896 1770 3949 nannum

476 3984 710 4061 Anaxanunr
753 3986 967 4062 Granouar
1003 4010 1191 4062 arcanam
1228 4009 1278 4062 un
1306 3986 1502 4062 Kranaia
1535 4030 1545 4047 ·
1574 4011 1587 4060 ι
1618 4030 1627 4045 ·
1660 3984 1770 4061 Juun

471 4122 544 4173 nn.
563 4122 747 4174 n.n.xr,v1.
1161 4122 1165 4129 ·

427 4299 617 4423 Imprimis
628 4350 692 4423 pro
703 4328 819 4422 prima
828 4321 930 4399 misia
939 4328 1151 4419 quotidiana
1161 4327 1314 4399 fundata
1322 4350 1388 4421 per
1399 4325 1643 4401 venerabilem
1653 4328 1771 4399 virum

423 4436 633 4534 magistrum
651 4438 871 4511 Duncanum
889 4437 1084 4533 Lyuhtoun
1097 4438 1186 4509 olim
1203 4437 1459 4512 aanoallarium
1471 4438 1771 4513 Aberdonensem

424 4556 512 4627 hura
538 4548 639 4623 sexta
663 4572 771 4623 mane
797 4548 1013 4623 celebranda
1037 4548 1210 4623 videlicet
1235 4550 1280 4621 de
1298 4548 1427 4645 Orynis
1453 4551 1578 4624 croftia
1595 4554 1634 4625 in
1652 4551 1772 4648 Futye
