4050 5534
226 645 326 740 xva]
693 643 1097 754 ienanonniisn.
1497 652 1566 722 117

225 846 321 918 Item
339 848 435 940 quod
459 845 695 942 inspiciantur
709 843 867 942 regestra
882 847 1033 940 capituli
1051 855 1089 918 et
1111 855 1209 918 carte
1236 844 1393 918 eiusdem
1412 857 1451 918 et
1469 845 1563 939 quod
1685 839 1688 846 ’

224 961 286 1032 fiat
302 961 548 1056 granatarium
574 968 700 1031 contra
725 983 850 1032 omnes
867 961 1074 1033 detinentes
1092 969 1129 1032 et
1157 960 1380 1032 occultantes
1406 956 1565 1054 regestra

226 1083 341 1145 cartas
359 1071 550 1167 scripturas
566 1072 793 1143 munimenta
809 1081 873 1144 aut
890 1072 1000 1144 libros
1017 1072 1177 1167 capitulo
1193 1075 1419 1166 pertinentes
1433 1111 1441 1128 ·

226 1297 323 1370 Item
340 1299 436 1391 quod
454 1299 624 1390 deinceps
652 1293 875 1368 abstineatur
901 1319 923 1368 a
951 1295 1303 1368 confabulationibus
1320 1306 1359 1367 et
1376 1294 1564 1388 colloquiis

226 1413 263 1480 in
281 1411 389 1482 choro
406 1420 571 1504 tempore
587 1410 765 1480 bonorum
790 1417 829 1480 et
857 1409 953 1501 qnod
978 1408 1042 1480 fiat
1065 1405 1250 1510 silentium
1275 1409 1313 1478 iii
1339 1409 1447 1479 choro
1472 1419 1565 1478 tem-

225 1546 311 1616 pore
328 1546 399 1616 quo
417 1521 588 1617 leguntur
603 1521 757 1616 legende
774 1517 838 1590 sub
865 1544 959 1614 pena
983 1521 1171 1594 arbitraria
1196 1522 1241 1592 ad
1262 1520 1451 1592 arbitrium
1469 1523 1564 1613 capi-

225 1635 294 1705 tuli
311 1645 351 1706 et
367 1635 436 1705 boc
449 1630 611 1705 seruetur
627 1643 703 1705 tam
720 1656 785 1726 per
802 1634 993 1705 canonicos
1007 1657 1115 1726 quani
1133 1656 1197 1728 per
1214 1632 1418 1726 capellanos
1435 1633 1534 1704 chori
1552 1671 1560 1687 ·

226 1859 322 1931 Item
339 1881 452 1953 penes
468 1868 612 1952 tempus
628 1857 870 1929 conueniendi
895 1858 934 1927 in
960 1857 1070 1929 choro
1086 1868 1125 1930 et
1142 1859 1188 1930 de
1206 1858 1309 1929 tarde
1332 1859 1562 1929 venientibus

226 1969 436 2044 obseruetur
452 1980 558 2043 tenor
580 1970 703 2043 tabule
728 1972 767 2041 in
792 1969 952 2063 capitulo
978 1971 1171 2062 pendentis
1200 1993 1270 2063 que
1300 1971 1411 2041 etiam
1438 1969 1564 2040 tabula
1627 2013 1629 2019 ι

226 2083 368 2180 legatur
383 2079 531 2179 singulis
548 2083 676 2154 diebus
700 2079 870 2154 sabatinis
895 2091 960 2153 aut
985 2078 1114 2154 saltem
1140 2079 1249 2154 semel
1267 2083 1305 2151 iii
1323 2082 1506 2174 quindena
1523 2092 1562 2151 et

226 2206 430 2291 exponatur
445 2197 523 2266 eius
539 2203 645 2265 tenor
661 2194 855 2288 capellanis
872 2193 970 2264 chori
988 2233 997 2250 ·
1102 2253 1107 2264 .

227 2419 322 2490 Item
347 2421 444 2513 quod
468 2417 681 2490 muliercule
706 2439 779 2488 non
805 2417 1029 2490 famulentur
1052 2421 1091 2489 in
1117 2421 1282 2491 domibus
1308 2421 1561 2491 canonicorum

227 2541 290 2604 aut
315 2530 583 2627 capellanorum
608 2525 674 2600 nisi
700 2527 805 2602 causa
834 2526 1054 2602 necessitatis
1076 2540 1114 2602 et
1131 2534 1246 2626 gratia
1268 2532 1494 2624 ‘importandi
1520 2555 1563 2603 ea

226 2669 295 2738 que
318 2644 439 2738 domuj
456 2641 541 2714 sunt
557 2640 750 2715 necessaria
766 2643 897 2734 quibus
914 2641 1070 2735 expletis
1086 2638 1207 2716 statim
1225 2643 1398 2715 recedant
1411 2653 1448 2715 et
1466 2645 1562 2737 quod

228 2755 377 2852 desuper
392 2757 457 2829 fiat
474 2755 647 2829 articulus
663 2751 903 2847 inquisitionis
920 2755 1108 2827 annuatim
1125 2765 1288 2850 tempore
1308 2751 1519 2828 visitationis
1537 2795 1545 2812 ·

227 2982 322 3055 Item
339 2982 436 3075 quod
453 2982 622 3075 deinceps
647 2976 781 3052 cessent
807 2980 1074 3073 obiurgationes
1091 2989 1130 3051 et
1147 2983 1225 3052 rixa
1242 2983 1281 3052 in
1306 2981 1467 3074 capitulo
1484 2993 1560 3053 tani
1590 2962 1593 2970 ¹

227 3098 320 3167 iuter
336 3094 527 3168 canonicos
540 3116 647 3186 quam
664 3091 869 3186 capellanos
882 3100 921 3162 et
933 3092 1186 3185 delinquentes
1203 3095 1401 3188 puniantur
1413 3095 1561 3166 arbitrio

228 3208 351 3280 decani
370 3218 408 3278 et
425 3205 575 3299 capituli
593 3245 601 3260 ·

229 3430 322 3504 Item
348 3431 445 3524 quod
461 3425 591 3524 singuli
609 3430 771 3501 canonici
795 3451 859 3521 pro
882 3436 1045 3523 tempore
1071 3425 1263 3504 residentia
1288 3430 1350 3502 sue
1377 3440 1415 3502 et
1440 3428 1561 3502 simili-

227 3555 282 3616 ter
298 3541 475 3638 capellani
493 3542 591 3611 omui
609 3540 668 3612 die
683 3538 822 3613 sabbati
835 3542 873 3611 in
886 3540 1046 3635 capitulo
1059 3545 1278 3614 conueniant
1295 3543 1382 3615 hora
1392 3539 1562 3614 consueta

225 3655 290 3728 sub
317 3679 412 3750 pena
427 3655 466 3724 in
483 3649 628 3724 statutis
651 3653 751 3744 prius
776 3653 884 3724 editis
907 3663 1081 3752 contenta
1110 3665 1147 3726 et
1175 3656 1428 3748 delinquentes
1445 3656 1561 3726 multa

225 3767 433 3862 pecuniaria
457 3768 563 3837 iuxta
578 3761 715 3836 statuta
737 3760 1016 3836 irrimiffibiliter
1030 3766 1252 3839 mulstentur
1268 3779 1307 3839 ct
1325 3768 1370 3840 ad
1394 3765 1559 3838 effessum

225 3876 430 3974 premissum
446 3901 511 3972 per
526 3875 716 3971 scriptores
741 3875 950 3950 desedtuum
972 3875 1173 3951 scribantur
1189 3889 1228 3951 et
1246 3880 1503 3952 ebdomidatim
1521 3881 1559 3949 iii

225 3991 385 4086 capitulo
402 3991 570 4086 legantur
587 4030 596 4046 ·
647 3988 649 3991 ’

224 4216 323 4289 Item
351 4217 448 4309 quod
466 4223 620 4309 quatuor
637 4183 834 4309 dignitates
860 4215 1130 4288 archidiaconus
1154 4225 1192 4286 et
1216 4213 1403 4287 succentor
1420 4213 1481 4287 sua
1499 4240 1561 4288 ex·
1677 4245 1679 4252 ·

223 4339 371 4401 arceant
395 4327 512 4400 officia
538 4330 640 4398 iuxta
669 4327 870 4421 primeuam
897 4323 995 4398 suam
1027 4326 1277 4399 fundationem
1305 4324 1499 4421 respettiue
1523 4333 1559 4400 in

222 4438 373 4538 singulis
389 4451 497 4536 prout
515 4441 620 4512 decet
637 4480 645 4496 ·
