4050 5534
243 648 343 743 xvi]
710 644 1115 719 ABERDONENSE.

450 960 749 1033 Anemoreia-ra
769 980 906 1032 menore
924 959 1152 1032 Dnonnroare
1169 980 1370 1032 nonnoni·

292 1187 446 1261 Deoimo
472 1188 583 1259 tertio
618 1185 833 1258 Decembris
866 1181 1149 1257 anniuersarium
1176 1210 1241 1280 pro
1271 1189 1392 1260 anima
1427 1187 1586 1285 magistri

243 1300 390 1373 Andree
409 1298 514 1394 Lyell
540 1298 627 1371 olim
652 1293 860 1389 thesaurarij
879 1293 1140 1369 Abirdonenfin
1164 1300 1229 1392 xiij
1246 1301 1276 1371 i.
1293 1300 1345 1393 iiij
1364 1297 1587 1373 edoceres

243 1416 346 1486 terrie
373 1423 413 1486 et
439 1414 538 1485 rudia
568 1410 770 1485 iacentibus
799 1412 837 1481 in
868 1408 1042 1483 Enrowre
1066 1450 1076 1471 ·
1101 1412 1164 1503 qni
1194 1412 1284 1506 obijt
1314 1435 1410 1486 anno
1437 1413 1585 1486 Domini

243 1547 462 1711 Miliiiieum
489 1634 730 1710 anniuersario
755 1632 915 1731 magistri
940 1633 1079 1707 Thome
1096 1634 1238 1707 Ednam
1261 1640 1325 1733 xiij
1352 1643 1382 1713 ἔ.
1408 1642 1458 1733 iiij
1486 1637 1521 1712 d.
1540 1642 1586 1713 de

243 1754 348 1823 domo
365 1753 537 1825 anteriori
555 1746 748 1823 mansionis
766 1748 813 1820 de
830 1746 915 1821 Glat
941 1786 950 1804 ·
969 1749 1031 1840 qni
1049 1748 1140 1841 obijt
1156 1770 1231 1821 nm.
1250 1771 1483 1825 mooccmffl.

293 1977 446 2049 Deeimo
472 1988 602 2071 quarto
629 1975 843 2048 Decembris
871 1975 1156 2049 anniuersarium
1181 2000 1247 2071 pro
1274 1980 1396 2049 anima
1424 1976 1585 2073 magistri

245 2088 396 2161 Henrioi
413 2088 605 2183 Lyohtoun
627 2086 715 2159 olim
740 2085 897 2182 episcopi
923 2084 1184 2161 Abirdonenfie
1209 2090 1273 2183 xiij
1300 2092 1329 2163 ἔ.
1356 2088 1408 2185 iiij
1426 2089 1463 2164 d.
1486 2094 1532 2163 de
1549 2092 1585 2185 ly
1699 2119 1704 2129 ·

244 2224 436 2273 oommoun
463 2198 629 2273 aillhows
640 2223 724 2272 eum
742 2200 857 2272 orosto
880 2202 1025 2273 iacente
1039 2201 1135 2273 infra
1150 2202 1339 2275 ciuitatem
1357 2202 1588 2276 Abirdonen-

242 2310 317 2384 sem
335 2338 382 2385 ex
399 2324 502 2407 parte
519 2312 687 2386 orientali
705 2309 865 2385 eiusdem
882 2352 890 2373 ·
910 2315 972 2405 qui
990 2310 1082 2408 obijt
1098 2336 1194 2387 anno
1212 2312 1361 2386 Domini
1374 2336 1585 2388 noccoxn.

295 2427 466 2500 Vnacum
483 2422 725 2499 anniuersario
743 2425 880 2497 domini
897 2425 1080 2497 Willelmi
1108 2424 1325 2520 Monylawie
1347 2426 1411 2521 xiij
1431 2431 1461 2501 ἔ.
1479 2428 1530 2523 iiij
1549 2428 1586 2501 d.

244 2540 289 2612 de
301 2541 408 2613 terrie
425 2538 627 2611 Alexandri
653 2535 860 2610 Howesoun
886 2562 983 2610 nunc
1008 2538 1153 2610 Valteri
1177 2536 1385 2610 Howesoun
1402 2539 1587 2638 burgensis

245 2654 290 2725 de
307 2650 472 2723 Abirden
489 2653 527 2721 in
546 2653 625 2723 vieo
645 2652 828 2723 furcarum
845 2647 1089 2723 Abirdonenfi
1108 2674 1155 2721 ex
1181 2661 1285 2745 parte
1302 2654 1469 2725 orientali
1496 2654 1588 2725 eius·

246 2766 327 2837 dem
344 2764 545 2837 iacentibus
563 2804 571 2821 ·
590 2763 685 2855 eiiij
704 2764 735 2835 ἔ.
758 2760 809 2856 iiij
829 2760 866 2834 n.
884 2764 930 2835 de
956 2764 1065 2835 certis
1090 2764 1197 2834 terrie
1214 2765 1252 2834 in
1271 2762 1443 2837 Enrowre
1469 2768 1588 2839 iacen-

245 2881 342 2950 tibus
359 2920 368 2935 ·
388 2880 449 2970 qui
468 2875 559 2971 obijt
577 2900 672 2947 anno
691 2874 840 2945 Domini
860 2896 1120 2947 nr.cccc.xc1x.

295 3098 481 3198 Vigefimo
500 3100 713 3173 Decembris
729 3099 1011 3173 anniuersarium
1038 3124 1103 3194 pro
1121 3103 1309 3172 animabus
1326 3105 1490 3174 omnium
1508 3107 1590 3175 fun-

245 3218 411 3287 datorum
429 3210 630 3284 nostrorum
647 3236 689 3285 aa
701 3212 931 3285 familiarium
950 3214 1235 3305 cuniiorumque
1253 3213 1414 3286 fidelium
1433 3219 1587 3309 proqui-

247 3329 314 3399 bus
330 3350 431 3399 orere
448 3341 642 3397 tenemur·
