4050 5534
431 631 502 696 104
951 615 1261 691 REGISI'RUM
1569 731 1572 738 Ι
1631 618 1784 713 [secuta

432 821 520 894 fiam
538 821 584 893 ab
601 815 756 914 ingressu
781 815 1033 890 columbarum
1059 813 1273 888 nodolorum
1299 837 1490 888 cornorum
1508 826 1547 888 st
1564 816 1782 910 yrundinum

433 943 509 1004 tam
526 934 564 1003 in
581 932 712 1024 hyeme
738 951 847 1022 quam
867 930 904 999 in
922 925 1059 1000 estate·
1079 927 1176 998 Item
1202 924 1359 1000 seruabit
1376 935 1415 1000 et
1431 928 1623 1000 mundabit
1648 925 1783 1000 stillici-

434 1045 494 1115 dia
518 1053 557 1114 et
582 1042 804 1135 aqueductus
837 1037 935 1112 nice
960 1033 1110 1112 ecclesie
1139 1038 1356 1111 cathedralis
1389 1049 1465 1111 tam
1500 1063 1565 1134 per
1598 1035 1782 1112 eeclefiam

433 1178 540 1247 quam
567 1154 714 1225 chorum
745 1165 785 1223 et
810 1149 992 1224 cancellos
1016 1159 1128 1243 atquc
1154 1149 1355 1242 capitulum
1380 1153 1659 1245 circumquaque
1684 1151 1782 1221 omni

432 1279 598 1359 tempore
615 1287 699 1336 cum
716 1287 806 1357 opus
823 1263 934 1334 fuerit
951 1270 990 1333 et
1006 1258 1190 1356 signanter
1203 1271 1366 1356 tempore
1384 1263 1522 1357 hyemis
1538 1275 1650 1356 atque
1668 1272 1784 1333 turres

435 1375 678 1450 occidentales
694 1373 853 1448 eiusdem
871 1371 1105 1465 destruetque
1119 1373 1277 1464 vndique
1293 1375 1332 1444 in
1350 1373 1548 1468 parietibus
1565 1387 1603 1446 et
1620 1371 1783 1447 fenestris

434 1491 598 1585 gramina
630 1485 829 1560 crescentia
853 1509 901 1558 ne
926 1485 1025 1557 illius
1053 1480 1236 1556 occasione
1270 1508 1364 1578 aqua
1388 1485 1558 1579 pluuialis
1587 1489 1626 1557 in
1651 1485 1783 1558 eisdem

435 1601 686 1696 ingrediatur·
706 1599 803 1670 Item
829 1597 928 1668 omni
955 1597 1015 1668 die
1039 1618 1147 1668 mane
1171 1617 1236 1688 per
1260 1619 1396 1668 annum
1412 1599 1619 1692 prouidebit
1636 1595 1784 1670 ecclesie

436 1714 482 1785 de
496 1734 593 1804 aqua
615 1710 756 1782 recenti
771 1733 856 1781 cum
883 1731 974 1802 opus
1000 1708 1112 1779 fuerit
1136 1731 1201 1800 pro
1227 1703 1327 1780 milla
1351 1731 1445 1801 aqua
1470 1709 1660 1782 benedico
1685 1712 1785 1782 sonte

435 1820 658 1917 baptistmali
667 1832 707 1894 et
716 1822 853 1893 lotione
865 1842 1038 1892 manuum
1050 1821 1087 1889 in
1099 1813 1249 1891 ecclesia
1259 1817 1540 1893 ministrantium
1550 1830 1589 1894 et
1600 1821 1785 1894 celebran-

435 1939 530 2007 tium
546 1958 616 2006 nec
631 1957 705 2004 non
723 1933 769 2004 de
786 1932 872 2026 igne
888 1955 954 2026 pro
971 1927 1120 2002 incensu
1137 1931 1368 2002 candelarum
1386 1928 1414 2002 sr
1432 1931 1522 2004 libet
1548 1945 1587 2004 et
1604 1933 1785 2005 thuribilis

436 2069 520 2119 cnm
538 2068 629 2140 opus
647 2045 757 2116 suerit
772 2045 896 2137 magni
921 2042 1046 2114 altaris
1064 2081 1076 2098 ·
1093 2041 1190 2114 Item
1216 2041 1373 2114 seruabit
1391 2041 1595 2138 lampadem
1612 2047 1784 2116 continue

436 2171 512 2230 tam
530 2159 576 2228 de
593 2157 653 2228 die
670 2154 842 2248 quamde
859 2155 965 2225 nolte
982 2162 1069 2224 ante
1088 2152 1292 2225 venerabile
1315 2151 1578 2228 sacramentum
1596 2158 1785 2230 ardentem

436 2279 476 2342 et
499 2269 684 2339 lucentem
710 2264 791 2337 oleo
818 2273 857 2336 et
884 2264 969 2336 licio
995 2264 1144 2358 capituli
1172 2315 1181 2335 .
1210 2263 1307 2336 Item
1333 2264 1526 2338 luminabit
1552 2267 1720 2340 candelas
1745 2279 1786 2338 vt

436 2383 543 2452 decet
560 2379 720 2473 superet
737 2386 1013 2470 antemagnnm
1039 2375 1153 2447 altare
1177 2385 1215 2448 et
1240 2399 1360 2448 coram
1378 2377 1607 2472 ymaginibus
1625 2376 1784 2450 eiusdem

437 2501 475 2562 et
493 2491 530 2562 in
549 2489 716 2584 pendulis
733 2484 959 2559 candelabris
983 2487 1083 2557 chori
1101 2509 1168 2558 nec
1185 2509 1259 2558 non
1286 2487 1470 2582 lampades
1487 2512 1595 2561 eneos
1612 2513 1678 2584 per
1694 2501 1786 2562 tem·

436 2625 504 2696 pus
529 2599 644 2695 yemis
670 2599 716 2670 ad
742 2599 941 2670 matutinas
967 2607 1006 2668 et
1024 2595 1187 2691 vesperas
1212 2599 1250 2670 in
1277 2596 1489 2672 ecclesiast
1514 2601 1676 2674 cancella
1698 2625 1786 2695 pen·

438 2715 569 2784 dentes
594 2711 698 2782 iuxta
720 2718 758 2782 et
782 2707 981 2780 secundum
1006 2708 1221 2800 qualitatem
1246 2712 1419 2804 temporis
1445 2749 1454 2770 ·
1481 2711 1578 2784 Item
1603 2715 1784 2806 reparabit

437 2825 586 2896 chorum
616 2831 655 2894 et
677 2819 858 2893 summum
886 2819 1000 2893 altine
1027 2844 1108 2893 cnm
1137 2823 1304 2914 pannulis
1331 2819 1639 2896 attrabacensrbus
1664 2823 1784 2898 sedem

436 2933 674 3030 episcopalem
701 2933 832 3004 tamin
850 2933 960 3004 choro
984 2955 1094 3025 quam
1120 2935 1158 3004 in
1176 2933 1335 3027 capitulo
1353 2935 1391 3005 in
1408 2936 1507 3028 feriJs
1533 2931 1631 3007 sestis
1649 2945 1688 3008 ct
1705 2935 1784 3008 aliis

434 3046 725 3120 solemnitatibus
742 3046 788 3117 nd
806 3046 875 3116 boc
893 3046 1177 3139 congruentibus
1195 3053 1234 3116 et
1251 3043 1394 3118 eosdem
1418 3046 1595 3140 pannulos
1621 3046 1720 3119 sestis
1745 3056 1784 3120 et

435 3158 726 3231 solemnitatibus
757 3157 910 3250 perattis
943 3157 982 3226 in
1018 3154 1151 3228 eisdem
1181 3157 1311 3248 quibus
1341 3158 1486 3229 fuerant
1516 3158 1604 3232 locis
1631 3168 1784 3252 reponat

436 3273 531 3344 bene
547 3269 743 3340 mundatos
759 3277 799 3339 et
815 3267 969 3360 plicatos
986 3290 1054 3339 nec
1079 3289 1153 3337 non
1171 3290 1302 3360 cappas
1319 3280 1358 3339 et
1376 3269 1447 3340 alia
1464 3267 1680 3342 vestimenta
1696 3267 1782 3341 dicti

436 3381 535 3454 chori
551 3421 559 3438 ·
574 3403 644 3452 nec
660 3402 733 3449 non
752 3379 880 3450 diebus
893 3377 1114 3450 solemnibus
1132 3379 1365 3451 tabernacula
1382 3379 1479 3454 diste
1488 3376 1637 3454 ecclesie
1651 3383 1782 3473 vbique

435 3493 575 3584 aperire
601 3490 662 3561 nbi
688 3513 780 3584 opus
803 3491 913 3561 fuerit
939 3489 1108 3562 claudere
1134 3497 1173 3562 et
1200 3491 1339 3583 operire
1364 3491 1495 3563 tamin
1514 3490 1783 3588 quadragesima

436 3625 546 3695 qnam
568 3611 704 3674 extra·
729 3599 827 3672 Item
845 3596 993 3695 singulis
1011 3601 1138 3672 diebus
1163 3600 1347 3673 ferialibus
1364 3603 1555 3676 dominicis
1580 3613 1619 3676 ct
1644 3601 1782 3676 festinis

435 3712 689 3809 superpellicio
706 3711 858 3783 indutus
874 3713 1068 3804 precedere
1087 3713 1197 3784 debet
1215 3713 1363 3784 chorum
1380 3713 1418 3784 in
1436 3711 1656 3809 processione
1672 3739 1781 3808 quam

436 3822 569 3896 situare
595 3823 721 3895 debito
738 3824 865 3894 ordine
884 3823 995 3895 habet
1012 3863 1022 3880 ·
1042 3825 1178 3918 virgam
1197 3847 1307 3916 manu
1324 3822 1462 3920 gestam
1481 3826 1592 3900 instar
1608 3827 1781 3899 librorum

434 3937 696 4008 ordinariorum
705 3934 892 4028 dirigendo
903 3958 968 4029 per
975 3933 1160 4008 ecclesiam
1173 3945 1237 4007 aut
1249 3936 1467 4008 cimiterium
1479 3938 1538 4010 vbi
1550 3961 1641 4034 opus
1651 3939 1781 4010 suerit·

433 4045 612 4139 Tempore
640 4069 727 4116 vero
751 4047 981 4140 rogationum
1008 4047 1214 4138 prouidebit
1241 4043 1306 4118 fibi
1333 4071 1397 4141 pro
1420 4057 1605 4142 portatore
1621 4051 1782 4122 diaconis

432 4181 498 4250 per
515 4158 592 4228 dies
606 4153 868 4252 processionum
886 4155 1046 4229 eiusdem
1061 4181 1132 4229 vna
1149 4181 1232 4230 cnm
1251 4160 1395 4232 vexillis
1412 4183 1479 4233 nec
1496 4163 1630 4234 nonde
1648 4185 1782 4257 appen-

433 4265 531 4338 sione
548 4268 738 4339 velaminis
754 4263 845 4361 signi
863 4268 1172 4362 indulgentiarum
1195 4294 1277 4342 cum
1296 4294 1386 4365 opus
1413 4274 1523 4344 fuerit
1541 4311 1549 4329 ·
1567 4274 1784 4347 candelabra

432 4389 555 4451 autem
574 4403 664 4450 enea
682 4389 759 4450 tam
784 4377 891 4472 super
906 4403 1039 4475 magno
1057 4380 1162 4454 altari
1181 4405 1290 4474 quam
1308 4393 1394 4456 ante
1420 4384 1457 4456 in
1484 4386 1593 4457 choro
1619 4386 1782 4460 eiusdem

432 4512 541 4583 qnam
572 4490 683 4561 etiam
712 4513 778 4584 per
806 4485 994 4562 ecclesiam
1027 4489 1093 4564 fita
1120 4502 1159 4566 et
1187 4494 1365 4568 collocata
1394 4519 1561 4568 necnon
1586 4499 1783 4570 ambonem
