<?xml version="1.0" encoding="UTF-8"?>
<!DOCTYPE html PUBLIC "-//W3C//DTD XHTML 1.0 Transitional//EN"
    "http://www.w3.org/TR/xhtml1/DTD/xhtml1-transitional.dtd">
<html xmlns="http://www.w3.org/1999/xhtml" xml:lang="en" lang="en">
 <head>
  <title>
</title>
<meta http-equiv="Content-Type" content="text/html;charset=utf-8" />
  <meta name='ocr-system' content='tesseract 3.04.00' />
  <meta name='ocr-capabilities' content='ocr_page ocr_carea ocr_par ocr_line ocrx_word'/>
</head>
<body>
  <div class='ocr_page' id='page_1' title='image "./registrumepisco02innegoog_0105.png"; bbox 0 0 4050 5534; ppageno 0'>
   <div class='ocr_carea' id='block_1_1' title="bbox 248 662 1591 758">
    <p class='ocr_par' dir='ltr' id='par_1_1' title="bbox 248 662 1591 758">
     <span class='ocr_line' id='line_1_1' title="bbox 248 662 1591 758; baseline 0.001 -25"><span class='ocrx_word' id='word_1_1' title='bbox 248 663 350 758; x_wconf 76' lang='lat' dir='ltr'>xnn]</span> <span class='ocrx_word' id='word_1_2' title='bbox 715 662 1121 736; x_wconf 84' lang='lat' dir='ltr'><strong>ABERDONENSE.</strong></span> <span class='ocrx_word' id='word_1_3' title='bbox 1547 671 1591 736; x_wconf 77' lang='lat'>45</span> 
     </span>
    </p>
   </div>
   <div class='ocr_carea' id='block_1_2' title="bbox 241 858 2022 2408">
    <p class='ocr_par' dir='ltr' id='par_1_2' title="bbox 241 858 2022 2408">
     <span class='ocr_line' id='line_1_2' title="bbox 245 858 1592 957; baseline 0.001 -25"><span class='ocrx_word' id='word_1_4' title='bbox 245 860 399 957; x_wconf 80' lang='lat' dir='ltr'>sigillum</span> <span class='ocrx_word' id='word_1_5' title='bbox 430 885 616 954; x_wconf 91' lang='lat' dir='ltr'>nunquam</span> <span class='ocrx_word' id='word_1_6' title='bbox 646 870 752 934; x_wconf 87' lang='lat' dir='ltr'>extra</span> <span class='ocrx_word' id='word_1_7' title='bbox 784 858 1042 933; x_wconf 82' lang='lat' dir='ltr'>thesaurariam</span> <span class='ocrx_word' id='word_1_8' title='bbox 1073 863 1256 933; x_wconf 88' lang='lat' dir='ltr'>deferatur</span> <span class='ocrx_word' id='word_1_9' title='bbox 1290 858 1356 932; x_wconf 92' lang='lat' dir='ltr'>uis1</span> <span class='ocrx_word' id='word_1_10' title='bbox 1387 883 1471 932; x_wconf 89' lang='lat' dir='ltr'>cum</span> <span class='ocrx_word' id='word_1_11' title='bbox 1502 885 1592 954; x_wconf 88' lang='lat' dir='ltr'>opus</span> 
     </span>
     <span class='ocr_line' id='line_1_3' title="bbox 244 970 1592 1068; baseline -0.001 -23"><span class='ocrx_word' id='word_1_12' title='bbox 244 975 349 1045; x_wconf 77' lang='lat' dir='ltr'>buerit</span> <span class='ocrx_word' id='word_1_13' title='bbox 374 998 440 1067; x_wconf 92' lang='lat' dir='ltr'>pro</span> <span class='ocrx_word' id='word_1_14' title='bbox 466 975 582 1045; x_wconf 88' lang='lat' dir='ltr'>literis</span> <span class='ocrx_word' id='word_1_15' title='bbox 608 973 758 1067; x_wconf 84' lang='lat' dir='ltr'>capituli</span> <span class='ocrx_word' id='word_1_16' title='bbox 777 975 814 1043; x_wconf 89' lang='lat' dir='ltr'>in</span> <span class='ocrx_word' id='word_1_17' title='bbox 832 971 1017 1066; x_wconf 78' lang='lat' dir='ltr'>presencia</span> <span class='ocrx_word' id='word_1_18' title='bbox 1041 973 1194 1044; x_wconf 83' lang='lat' dir='ltr'><strong>fratrum</strong></span> <span class='ocrx_word' id='word_1_19' title='bbox 1220 970 1402 1068; x_wconf 81' lang='lat' dir='ltr'>signandis</span> <span class='ocrx_word' id='word_1_20' title='bbox 1420 1015 1428 1030; x_wconf 92' lang='lat'><strong>·</strong></span> <span class='ocrx_word' id='word_1_21' title='bbox 1448 972 1488 1044; x_wconf 85' lang='lat' dir='ltr'>Si</span> <span class='ocrx_word' id='word_1_22' title='bbox 1507 997 1592 1044; x_wconf 87' lang='lat' dir='ltr'>vero</span> 
     </span>
     <span class='ocr_line' id='line_1_4' title="bbox 243 1082 1592 1158; baseline 0.001 -3"><span class='ocrx_word' id='word_1_23' title='bbox 243 1087 398 1158; x_wconf 85' lang='lat' dir='ltr'>decanus</span> <span class='ocrx_word' id='word_1_24' title='bbox 427 1085 664 1158; x_wconf 87' lang='lat' dir='ltr'>cancellarius</span> <span class='ocrx_word' id='word_1_25' title='bbox 690 1084 748 1155; x_wconf 87' lang='lat' dir='ltr'>vel</span> <span class='ocrx_word' id='word_1_26' title='bbox 780 1082 1020 1156; x_wconf 78' lang='lat' dir='ltr'>thesaurarius</span> <span class='ocrx_word' id='word_1_27' title='bbox 1047 1109 1068 1156; x_wconf 92' lang='lat' dir='ltr'>a</span> <span class='ocrx_word' id='word_1_28' title='bbox 1091 1086 1244 1156; x_wconf 85' lang='lat' dir='ltr'>ciuitate</span> <span class='ocrx_word' id='word_1_29' title='bbox 1265 1087 1398 1157; x_wconf 87' lang='lat' dir='ltr'>debeat</span> <span class='ocrx_word' id='word_1_30' title='bbox 1423 1087 1592 1157; x_wconf 85' lang='lat' dir='ltr'>recedere</span> 
     </span>
     <span class='ocr_line' id='line_1_5' title="bbox 242 1195 1591 1270; baseline -0.001 -2"><span class='ocrx_word' id='word_1_31' title='bbox 242 1197 380 1270; x_wconf 79' lang='lat' dir='ltr'>clauum</span> <span class='ocrx_word' id='word_1_32' title='bbox 403 1196 502 1270; x_wconf 86' lang='lat' dir='ltr'>susm</span> <span class='ocrx_word' id='word_1_33' title='bbox 526 1199 647 1270; x_wconf 87' lang='lat' dir='ltr'>tradat</span> <span class='ocrx_word' id='word_1_34' title='bbox 667 1196 776 1269; x_wconf 85' lang='lat' dir='ltr'>alicui</span> <span class='ocrx_word' id='word_1_35' title='bbox 794 1197 839 1268; x_wconf 91' lang='lat' dir='ltr'>de</span> <span class='ocrx_word' id='word_1_36' title='bbox 864 1197 1046 1268; x_wconf 87' lang='lat' dir='ltr'>canonicis</span> <span class='ocrx_word' id='word_1_37' title='bbox 1064 1196 1121 1266; x_wconf 82' lang='lat' dir='ltr'>uel</span> <span class='ocrx_word' id='word_1_38' title='bbox 1148 1197 1306 1268; x_wconf 83' lang='lat' dir='ltr'>decanus</span> <span class='ocrx_word' id='word_1_39' title='bbox 1331 1197 1369 1266; x_wconf 94' lang='lat' dir='ltr'>in</span> <span class='ocrx_word' id='word_1_40' title='bbox 1398 1198 1501 1267; x_wconf 85' lang='lat' dir='ltr'>exitu</span> <span class='ocrx_word' id='word_1_41' title='bbox 1527 1195 1591 1267; x_wconf 92' lang='lat' dir='ltr'>suo</span> 
     </span>
     <span class='ocr_line' id='line_1_6' title="bbox 243 1304 1590 1400; baseline 0 -20"><span class='ocrx_word' id='word_1_42' title='bbox 243 1309 454 1380; x_wconf 83' lang='lat' dir='ltr'>cancellario</span> <span class='ocrx_word' id='word_1_43' title='bbox 485 1309 544 1380; x_wconf 88' lang='lat' dir='ltr'>vel</span> <span class='ocrx_word' id='word_1_44' title='bbox 578 1306 799 1380; x_wconf 85' lang='lat' dir='ltr'>thesaurario</span> <span class='ocrx_word' id='word_1_45' title='bbox 834 1304 899 1400; x_wconf 87' lang='lat' dir='ltr'>ipti</span> <span class='ocrx_word' id='word_1_46' title='bbox 930 1316 969 1378; x_wconf 91' lang='lat' dir='ltr'>et</span> <span class='ocrx_word' id='word_1_47' title='bbox 998 1306 1194 1380; x_wconf 86' lang='lat' dir='ltr'>econuerso</span> <span class='ocrx_word' id='word_1_48' title='bbox 1228 1309 1348 1380; x_wconf 88' lang='lat' dir='ltr'>facere</span> <span class='ocrx_word' id='word_1_49' title='bbox 1382 1309 1519 1380; x_wconf 91' lang='lat' dir='ltr'>debent</span> <span class='ocrx_word' id='word_1_50' title='bbox 1552 1312 1590 1380; x_wconf 94' lang='lat' dir='ltr'>in</span> 
     </span>
     <span class='ocr_line' id='line_1_7' title="bbox 242 1417 1590 1511; baseline 0.001 -20"><span class='ocrx_word' id='word_1_51' title='bbox 242 1445 363 1492; x_wconf 92' lang='lat' dir='ltr'>eorum</span> <span class='ocrx_word' id='word_1_52' title='bbox 394 1418 528 1493; x_wconf 82' lang='lat' dir='ltr'>recessu</span> <span class='ocrx_word' id='word_1_53' title='bbox 553 1459 561 1482; x_wconf 88' lang='lat'><strong>·</strong></span> <span class='ocrx_word' id='word_1_54' title='bbox 584 1419 755 1492; x_wconf 86' lang='lat' dir='ltr'>Officium</span> <span class='ocrx_word' id='word_1_55' title='bbox 785 1429 909 1491; x_wconf 89' lang='lat' dir='ltr'>autem</span> <span class='ocrx_word' id='word_1_56' title='bbox 939 1419 1144 1511; x_wconf 86' lang='lat' dir='ltr'>cancellarij</span> <span class='ocrx_word' id='word_1_57' title='bbox 1171 1417 1225 1491; x_wconf 90' lang='lat' dir='ltr'>est</span> <span class='ocrx_word' id='word_1_58' title='bbox 1255 1419 1379 1492; x_wconf 83' lang='lat' dir='ltr'>literas</span> <span class='ocrx_word' id='word_1_59' title='bbox 1405 1431 1444 1491; x_wconf 86' lang='lat' dir='ltr'>et</span> <span class='ocrx_word' id='word_1_60' title='bbox 1473 1431 1590 1492; x_wconf 86' lang='lat' dir='ltr'>cartas</span> 
     </span>
     <span class='ocr_line' id='line_1_8' title="bbox 242 1530 1591 1626; baseline 0 -23"><span class='ocrx_word' id='word_1_61' title='bbox 242 1533 389 1626; x_wconf 88' lang='lat' dir='ltr'>capituli</span> <span class='ocrx_word' id='word_1_62' title='bbox 416 1555 634 1626; x_wconf 89' lang='lat' dir='ltr'>componere</span> <span class='ocrx_word' id='word_1_63' title='bbox 652 1543 691 1603; x_wconf 91' lang='lat' dir='ltr'>et</span> <span class='ocrx_word' id='word_1_64' title='bbox 708 1532 832 1603; x_wconf 87' lang='lat' dir='ltr'>literas</span> <span class='ocrx_word' id='word_1_65' title='bbox 850 1533 887 1602; x_wconf 95' lang='lat' dir='ltr'>in</span> <span class='ocrx_word' id='word_1_66' title='bbox 905 1531 1067 1623; x_wconf 87' lang='lat' dir='ltr'>capitulo</span> <span class='ocrx_word' id='word_1_67' title='bbox 1094 1530 1267 1626; x_wconf 88' lang='lat' dir='ltr'>legendas</span> <span class='ocrx_word' id='word_1_68' title='bbox 1292 1532 1413 1626; x_wconf 86' lang='lat' dir='ltr'>legere</span> <span class='ocrx_word' id='word_1_69' title='bbox 1438 1531 1591 1604; x_wconf 68' lang='lat' dir='ltr'>ledores</span> 
     </span>
     <span class='ocr_line' id='line_1_9' title="bbox 241 1640 1873 1738; baseline -0.003 -22"><span class='ocrx_word' id='word_1_70' title='bbox 241 1661 405 1716; x_wconf 90' lang='lat' dir='ltr'>cantores</span> <span class='ocrx_word' id='word_1_71' title='bbox 418 1655 457 1716; x_wconf 87' lang='lat' dir='ltr'>et</span> <span class='ocrx_word' id='word_1_72' title='bbox 470 1657 609 1717; x_wconf 85' lang='lat' dir='ltr'>ceteros</span> <span class='ocrx_word' id='word_1_73' title='bbox 627 1640 808 1714; x_wconf 91' lang='lat' dir='ltr'>ministros</span> <span class='ocrx_word' id='word_1_74' title='bbox 825 1644 864 1713; x_wconf 94' lang='lat' dir='ltr'>in</span> <span class='ocrx_word' id='word_1_75' title='bbox 878 1643 1005 1714; x_wconf 85' lang='lat' dir='ltr'>tabula</span> <span class='ocrx_word' id='word_1_76' title='bbox 1021 1654 1149 1714; x_wconf 88' lang='lat' dir='ltr'>nutare</span> <span class='ocrx_word' id='word_1_77' title='bbox 1167 1653 1205 1713; x_wconf 90' lang='lat' dir='ltr'>et</span> <span class='ocrx_word' id='word_1_78' title='bbox 1223 1643 1334 1714; x_wconf 92' lang='lat' dir='ltr'>libros</span> <span class='ocrx_word' id='word_1_79' title='bbox 1352 1644 1535 1738; x_wconf 82' lang='lat' dir='ltr'>theologie</span> <span class='ocrx_word' id='word_1_80' title='bbox 1552 1647 1589 1715; x_wconf 92' lang='lat' dir='ltr'>in</span> <span class='ocrx_word' id='word_1_81' title='bbox 1604 1657 1717 1714; x_wconf 72' lang='lat' dir='ltr'>trouu</span> <span class='ocrx_word' id='word_1_82' title='bbox 1728 1658 1873 1714; x_wconf 73' lang='lat' dir='ltr'>aruimus</span> 
     </span>
     <span class='ocr_line' id='line_1_10' title="bbox 241 1734 2022 1850; baseline 0 -23"><span class='ocrx_word' id='word_1_83' title='bbox 241 1756 429 1828; x_wconf 82' lang='lat' dir='ltr'>armariolo</span> <span class='ocrx_word' id='word_1_84' title='bbox 447 1753 625 1828; x_wconf 83' lang='lat' dir='ltr'>custodire</span> <span class='ocrx_word' id='word_1_85' title='bbox 639 1779 728 1848; x_wconf 90' lang='lat' dir='ltr'>qnos</span> <span class='ocrx_word' id='word_1_86' title='bbox 741 1751 889 1849; x_wconf 80' lang='lat' dir='ltr'>singulis</span> <span class='ocrx_word' id='word_1_87' title='bbox 903 1757 1007 1826; x_wconf 88' lang='lat' dir='ltr'>annis</span> <span class='ocrx_word' id='word_1_88' title='bbox 1025 1757 1062 1825; x_wconf 94' lang='lat' dir='ltr'>in</span> <span class='ocrx_word' id='word_1_89' title='bbox 1080 1758 1197 1849; x_wconf 90' lang='lat' dir='ltr'>prima</span> <span class='ocrx_word' id='word_1_90' title='bbox 1209 1753 1410 1850; x_wconf 89' lang='lat' dir='ltr'>septimana</span> <span class='ocrx_word' id='word_1_91' title='bbox 1429 1756 1591 1839; x_wconf 83' lang='lat' dir='ltr'>Quadra·</span> <span class='ocrx_word' id='word_1_92' title='bbox 1603 1783 1899 1839; x_wconf 70' lang='lat' dir='ltr'>nortmannorum</span> <span class='ocrx_word' id='word_1_93' title='bbox 2021 1734 2022 1755; x_wconf 13' lang='grc' dir='ltr'><strong>Χ</strong></span> 
     </span>
     <span class='ocr_line' id='line_1_11' title="bbox 241 1860 2022 1962; baseline 0.001 -24"><span class='ocrx_word' id='word_1_94' title='bbox 241 1866 372 1962; x_wconf 78' lang='lat' dir='ltr'>gesimo</span> <span class='ocrx_word' id='word_1_95' title='bbox 398 1891 519 1940; x_wconf 86' lang='lat' dir='ltr'>coram</span> <span class='ocrx_word' id='word_1_96' title='bbox 537 1869 674 1940; x_wconf 84' lang='lat' dir='ltr'>decano</span> <span class='ocrx_word' id='word_1_97' title='bbox 692 1877 730 1938; x_wconf 89' lang='lat' dir='ltr'>et</span> <span class='ocrx_word' id='word_1_98' title='bbox 748 1867 930 1938; x_wconf 85' lang='lat' dir='ltr'>canonicis</span> <span class='ocrx_word' id='word_1_99' title='bbox 949 1867 1059 1939; x_wconf 88' lang='lat' dir='ltr'>debet</span> <span class='ocrx_word' id='word_1_100' title='bbox 1082 1864 1272 1938; x_wconf 87' lang='lat' dir='ltr'>ostendere</span> <span class='ocrx_word' id='word_1_101' title='bbox 1296 1878 1334 1938; x_wconf 88' lang='lat' dir='ltr'>et</span> <span class='ocrx_word' id='word_1_102' title='bbox 1361 1868 1533 1939; x_wconf 89' lang='lat' dir='ltr'>exhibere</span> <span class='ocrx_word' id='word_1_103' title='bbox 1551 1879 1591 1940; x_wconf 90' lang='lat' dir='ltr'>vt</span> <span class='ocrx_word' id='word_1_104' title='bbox 2021 1860 2022 1863; x_wconf 28' lang='lat'>¹</span> 
     </span>
     <span class='ocr_line' id='line_1_12' title="bbox 241 1976 1591 2074; baseline 0.001 -25"><span class='ocrx_word' id='word_1_105' title='bbox 241 1976 288 2050; x_wconf 88' lang='lat' dir='ltr'>fic</span> <span class='ocrx_word' id='word_1_106' title='bbox 304 1991 476 2073; x_wconf 87' lang='lat' dir='ltr'>appareat</span> <span class='ocrx_word' id='word_1_107' title='bbox 493 1980 589 2073; x_wconf 93' lang='lat' dir='ltr'>quod</span> <span class='ocrx_word' id='word_1_108' title='bbox 613 1979 737 2050; x_wconf 93' lang='lat' dir='ltr'>nullus</span> <span class='ocrx_word' id='word_1_109' title='bbox 755 1980 864 2050; x_wconf 87' lang='lat' dir='ltr'>suerit</span> <span class='ocrx_word' id='word_1_110' title='bbox 890 1979 1054 2070; x_wconf 91' lang='lat' dir='ltr'>perditus</span> <span class='ocrx_word' id='word_1_111' title='bbox 1072 1978 1130 2048; x_wconf 88' lang='lat' dir='ltr'>vel</span> <span class='ocrx_word' id='word_1_112' title='bbox 1148 1979 1388 2050; x_wconf 89' lang='lat' dir='ltr'>deterioratus</span> <span class='ocrx_word' id='word_1_113' title='bbox 1407 2019 1415 2036; x_wconf 93' lang='lat'><strong>·</strong></span> <span class='ocrx_word' id='word_1_114' title='bbox 1435 1980 1591 2074; x_wconf 83' lang='lat' dir='ltr'>dignitas</span> 
     </span>
     <span class='ocr_line' id='line_1_13' title="bbox 241 2087 1590 2184; baseline 0 -22"><span class='ocrx_word' id='word_1_115' title='bbox 241 2101 363 2162; x_wconf 86' lang='lat' dir='ltr'>autem</span> <span class='ocrx_word' id='word_1_116' title='bbox 380 2089 586 2184; x_wconf 83' lang='lat' dir='ltr'>cancellarij</span> <span class='ocrx_word' id='word_1_117' title='bbox 606 2087 773 2182; x_wconf 89' lang='lat' dir='ltr'>estquod</span> <span class='ocrx_word' id='word_1_118' title='bbox 798 2088 872 2182; x_wconf 92' lang='lat' dir='ltr'>ipse</span> <span class='ocrx_word' id='word_1_119' title='bbox 898 2089 1105 2182; x_wconf 88' lang='lat' dir='ltr'>prouidebit</span> <span class='ocrx_word' id='word_1_120' title='bbox 1123 2090 1168 2162; x_wconf 93' lang='lat' dir='ltr'>de</span> <span class='ocrx_word' id='word_1_121' title='bbox 1186 2090 1326 2183; x_wconf 87' lang='lat' dir='ltr'>ydoneo</span> <span class='ocrx_word' id='word_1_122' title='bbox 1344 2087 1512 2184; x_wconf 86' lang='lat' dir='ltr'>magistro</span> <span class='ocrx_word' id='word_1_123' title='bbox 1529 2095 1590 2183; x_wconf 92' lang='lat' dir='ltr'>qui</span> 
     </span>
     <span class='ocr_line' id='line_1_14' title="bbox 241 2200 2022 2301; baseline -0.001 -28"><span class='ocrx_word' id='word_1_124' title='bbox 241 2203 372 2274; x_wconf 88' lang='lat' dir='ltr'>habeat</span> <span class='ocrx_word' id='word_1_125' title='bbox 397 2205 562 2298; x_wconf 87' lang='lat' dir='ltr'>regimen</span> <span class='ocrx_word' id='word_1_126' title='bbox 592 2200 771 2274; x_wconf 88' lang='lat' dir='ltr'>scolarum</span> <span class='ocrx_word' id='word_1_127' title='bbox 802 2203 847 2272; x_wconf 92' lang='lat' dir='ltr'>de</span> <span class='ocrx_word' id='word_1_128' title='bbox 874 2202 1048 2274; x_wconf 88' lang='lat' dir='ltr'>Aberden</span> <span class='ocrx_word' id='word_1_129' title='bbox 1079 2202 1141 2292; x_wconf 91' lang='lat' dir='ltr'>qui</span> <span class='ocrx_word' id='word_1_130' title='bbox 1168 2200 1257 2292; x_wconf 88' lang='lat' dir='ltr'>sciat</span> <span class='ocrx_word' id='word_1_131' title='bbox 1286 2225 1417 2295; x_wconf 88' lang='lat' dir='ltr'>pueros</span> <span class='ocrx_word' id='word_1_132' title='bbox 1447 2213 1521 2273; x_wconf 87' lang='lat' dir='ltr'>tam</span> <span class='ocrx_word' id='word_1_133' title='bbox 1552 2206 1589 2272; x_wconf 92' lang='lat' dir='ltr'>in</span> <span class='ocrx_word' id='word_1_134' title='bbox 1603 2226 1744 2294; x_wconf 54' lang='lat' dir='ltr'>mmmm</span> <span class='ocrx_word' id='word_1_135' title='bbox 1755 2227 1899 2282; x_wconf 71' lang='lat' dir='ltr'>stolarum</span> <span class='ocrx_word' id='word_1_136' title='bbox 2021 2218 2022 2301; x_wconf 56' lang='lat' dir='ltr'>J</span> 
     </span>
     <span class='ocr_line' id='line_1_15' title="bbox 242 2304 2022 2408; baseline -0.002 -22"><span class='ocrx_word' id='word_1_137' title='bbox 242 2317 477 2407; x_wconf 84' lang='lat' dir='ltr'>grammatica</span> <span class='ocrx_word' id='word_1_138' title='bbox 493 2337 601 2406; x_wconf 91' lang='lat' dir='ltr'>quam</span> <span class='ocrx_word' id='word_1_139' title='bbox 619 2316 657 2384; x_wconf 92' lang='lat' dir='ltr'>in</span> <span class='ocrx_word' id='word_1_140' title='bbox 675 2315 795 2408; x_wconf 82' lang='lat' dir='ltr'>logica</span> <span class='ocrx_word' id='word_1_141' title='bbox 812 2314 954 2385; x_wconf 90' lang='lat' dir='ltr'>erudire</span> <span class='ocrx_word' id='word_1_142' title='bbox 971 2349 980 2367; x_wconf 93' lang='lat'><strong>·</strong></span> <span class='ocrx_word' id='word_1_143' title='bbox 2021 2304 2022 2317; x_wconf 70' lang='grc'>’</span> 
     </span>
    </p>
   </div>
   <div class='ocr_carea' id='block_1_3' title="bbox 691 2534 1138 2630">
    <p class='ocr_par' dir='ltr' id='par_1_3' title="bbox 691 2534 1138 2630">
     <span class='ocr_line' id='line_1_16' title="bbox 691 2534 1138 2630; baseline -0.009 -21"><span class='ocrx_word' id='word_1_144' title='bbox 691 2537 749 2609; x_wconf 88' lang='lat' dir='ltr'>De</span> <span class='ocrx_word' id='word_1_145' title='bbox 767 2537 882 2608; x_wconf 86' lang='lat' dir='ltr'>officio</span> <span class='ocrx_word' id='word_1_146' title='bbox 900 2534 1109 2630; x_wconf 87' lang='lat' dir='ltr'>thesaurarij</span> <span class='ocrx_word' id='word_1_147' title='bbox 1130 2578 1138 2593; x_wconf 91' lang='lat'><strong>·</strong></span> 
     </span>
    </p>
   </div>
   <div class='ocr_carea' id='block_1_4' title="bbox 241 2757 1985 4080">
    <p class='ocr_par' dir='ltr' id='par_1_4' title="bbox 244 2757 1985 2963">
     <span class='ocr_line' id='line_1_17' title="bbox 245 2757 1985 2854; baseline -0.001 -22"><span class='ocrx_word' id='word_1_148' title='bbox 245 2760 411 2833; x_wconf 88' lang='lat' dir='ltr'>Officium</span> <span class='ocrx_word' id='word_1_149' title='bbox 434 2771 558 2833; x_wconf 89' lang='lat' dir='ltr'>autem</span> <span class='ocrx_word' id='word_1_150' title='bbox 576 2759 785 2854; x_wconf 88' lang='lat' dir='ltr'>thesaurarij</span> <span class='ocrx_word' id='word_1_151' title='bbox 804 2757 856 2832; x_wconf 90' lang='lat' dir='ltr'>est</span> <span class='ocrx_word' id='word_1_152' title='bbox 880 2768 1093 2831; x_wconf 86' lang='lat' dir='ltr'>ornamenta</span> <span class='ocrx_word' id='word_1_153' title='bbox 1110 2771 1149 2832; x_wconf 92' lang='lat' dir='ltr'>et</span> <span class='ocrx_word' id='word_1_154' title='bbox 1166 2760 1334 2852; x_wconf 86' lang='lat' dir='ltr'>reliquias</span> <span class='ocrx_word' id='word_1_155' title='bbox 1351 2771 1390 2833; x_wconf 91' lang='lat' dir='ltr'>et</span> <span class='ocrx_word' id='word_1_156' title='bbox 1408 2760 1591 2835; x_wconf 88' lang='lat' dir='ltr'>thesauros</span> <span class='ocrx_word' id='word_1_157' title='bbox 1604 2788 1774 2846; x_wconf 54' lang='lat' dir='ltr'>zemamo</span> <span class='ocrx_word' id='word_1_158' title='bbox 1787 2789 1911 2846; x_wconf 49' lang='lat' dir='ltr'>pitteus</span> <span class='ocrx_word' id='word_1_159' title='bbox 1983 2826 1985 2831; x_wconf 89' lang='lat'><em>.</em></span> 
     </span>
     <span class='ocr_line' id='line_1_18' title="bbox 244 2869 1591 2963; baseline 0.001 -19"><span class='ocrx_word' id='word_1_160' title='bbox 244 2871 391 2944; x_wconf 78' lang='lat' dir='ltr'>ecclesie</span> <span class='ocrx_word' id='word_1_161' title='bbox 417 2869 596 2945; x_wconf 84' lang='lat' dir='ltr'>custodire</span> <span class='ocrx_word' id='word_1_162' title='bbox 622 2883 661 2945; x_wconf 88' lang='lat' dir='ltr'>et</span> <span class='ocrx_word' id='word_1_163' title='bbox 686 2872 833 2944; x_wconf 82' lang='lat' dir='ltr'>relicere</span> <span class='ocrx_word' id='word_1_164' title='bbox 859 2872 1052 2942; x_wconf 87' lang='lat' dir='ltr'>luminaria</span> <span class='ocrx_word' id='word_1_165' title='bbox 1073 2912 1081 2927; x_wconf 93' lang='lat'><strong>·</strong></span> <span class='ocrx_word' id='word_1_166' title='bbox 1102 2873 1213 2942; x_wconf 89' lang='lat' dir='ltr'>etiam</span> <span class='ocrx_word' id='word_1_167' title='bbox 1239 2871 1429 2963; x_wconf 90' lang='lat' dir='ltr'>prouidere</span> <span class='ocrx_word' id='word_1_168' title='bbox 1454 2871 1591 2946; x_wconf 86' lang='lat' dir='ltr'>scilicet</span> 
     </span>
    </p>

    <p class='ocr_par' dir='ltr' id='par_1_5' title="bbox 243 2979 1590 3077">
     <span class='ocr_line' id='line_1_19' title="bbox 243 2979 1590 3077; baseline 0.001 -22"><span class='ocrx_word' id='word_1_169' title='bbox 243 2987 337 3077; x_wconf 89' lang='lat' dir='ltr'>quod</span> <span class='ocrx_word' id='word_1_170' title='bbox 355 2989 393 3057; x_wconf 95' lang='lat' dir='ltr'>in</span> <span class='ocrx_word' id='word_1_171' title='bbox 411 2985 580 3058; x_wconf 89' lang='lat' dir='ltr'>omnibus</span> <span class='ocrx_word' id='word_1_172' title='bbox 602 2986 798 3056; x_wconf 90' lang='lat' dir='ltr'>maioribus</span> <span class='ocrx_word' id='word_1_173' title='bbox 824 2981 1029 3075; x_wconf 84' lang='lat' dir='ltr'>duplicibus</span> <span class='ocrx_word' id='word_1_174' title='bbox 1042 2979 1151 3054; x_wconf 78' lang='lat' dir='ltr'>sestis</span> <span class='ocrx_word' id='word_1_175' title='bbox 1176 2983 1289 3052; x_wconf 90' lang='lat' dir='ltr'>totius</span> <span class='ocrx_word' id='word_1_176' title='bbox 1315 2985 1400 3054; x_wconf 89' lang='lat' dir='ltr'>anni</span> <span class='ocrx_word' id='word_1_177' title='bbox 1421 2980 1492 3054; x_wconf 78' lang='lat' dir='ltr'>sint</span> <span class='ocrx_word' id='word_1_178' title='bbox 1510 2989 1590 3056; x_wconf 70' lang='lat' dir='ltr'>odo</span> 
     </span>
    </p>

    <p class='ocr_par' dir='ltr' id='par_1_6' title="bbox 243 3091 1590 3188">
     <span class='ocr_line' id='line_1_20' title="bbox 243 3091 1590 3188; baseline 0.001 -21"><span class='ocrx_word' id='word_1_179' title='bbox 243 3097 414 3169; x_wconf 84' lang='lat' dir='ltr'>decentes</span> <span class='ocrx_word' id='word_1_180' title='bbox 441 3095 730 3168; x_wconf 80' lang='lat' dir='ltr'>ueroiardentes</span> <span class='ocrx_word' id='word_1_181' title='bbox 755 3091 928 3168; x_wconf 85' lang='lat' dir='ltr'>continue</span> <span class='ocrx_word' id='word_1_182' title='bbox 953 3097 998 3166; x_wconf 88' lang='lat' dir='ltr'>ad</span> <span class='ocrx_word' id='word_1_183' title='bbox 1017 3093 1182 3188; x_wconf 83' lang='lat' dir='ltr'>vesperas</span> <span class='ocrx_word' id='word_1_184' title='bbox 1198 3103 1238 3165; x_wconf 92' lang='lat' dir='ltr'>et</span> <span class='ocrx_word' id='word_1_185' title='bbox 1255 3095 1301 3166; x_wconf 89' lang='lat' dir='ltr'>ud</span> <span class='ocrx_word' id='word_1_186' title='bbox 1326 3098 1525 3167; x_wconf 89' lang='lat' dir='ltr'>matutinas</span> <span class='ocrx_word' id='word_1_187' title='bbox 1552 3110 1590 3168; x_wconf 86' lang='lat' dir='ltr'>et</span> 
     </span>
    </p>

    <p class='ocr_par' dir='ltr' id='par_1_7' title="bbox 242 3201 1590 3302">
     <span class='ocr_line' id='line_1_21' title="bbox 242 3201 1590 3302; baseline 0.001 -24"><span class='ocrx_word' id='word_1_188' title='bbox 242 3207 286 3278; x_wconf 90' lang='lat' dir='ltr'>ad</span> <span class='ocrx_word' id='word_1_189' title='bbox 303 3231 472 3302; x_wconf 88' lang='lat' dir='ltr'>magnam</span> <span class='ocrx_word' id='word_1_190' title='bbox 499 3204 635 3279; x_wconf 85' lang='lat' dir='ltr'>missam</span> <span class='ocrx_word' id='word_1_191' title='bbox 654 3210 749 3280; x_wconf 84' lang='lat' dir='ltr'>eirca</span> <span class='ocrx_word' id='word_1_192' title='bbox 769 3208 884 3280; x_wconf 87' lang='lat' dir='ltr'>altare</span> <span class='ocrx_word' id='word_1_193' title='bbox 911 3217 1033 3301; x_wconf 91' lang='lat' dir='ltr'>preter</span> <span class='ocrx_word' id='word_1_194' title='bbox 1049 3229 1172 3279; x_wconf 87' lang='lat' dir='ltr'>cereus</span> <span class='ocrx_word' id='word_1_195' title='bbox 1190 3201 1280 3299; x_wconf 87' lang='lat' dir='ltr'>quos</span> <span class='ocrx_word' id='word_1_196' title='bbox 1305 3208 1407 3298; x_wconf 89' lang='lat' dir='ltr'>pueri</span> <span class='ocrx_word' id='word_1_197' title='bbox 1426 3208 1590 3280; x_wconf 89' lang='lat' dir='ltr'>deferent</span> 
     </span>
    </p>

    <p class='ocr_par' dir='ltr' id='par_1_8' title="bbox 242 3313 1591 3412">
     <span class='ocr_line' id='line_1_22' title="bbox 242 3313 1591 3412; baseline 0.001 -23"><span class='ocrx_word' id='word_1_198' title='bbox 242 3329 280 3390; x_wconf 90' lang='lat' dir='ltr'>et</span> <span class='ocrx_word' id='word_1_199' title='bbox 294 3330 450 3412; x_wconf 83' lang='lat' dir='ltr'>quatuor</span> <span class='ocrx_word' id='word_1_200' title='bbox 466 3320 512 3390; x_wconf 90' lang='lat' dir='ltr'>ad</span> <span class='ocrx_word' id='word_1_201' title='bbox 530 3329 668 3392; x_wconf 76' lang='lat' dir='ltr'>ceteras</span> <span class='ocrx_word' id='word_1_202' title='bbox 686 3320 791 3391; x_wconf 87' lang='lat' dir='ltr'>horas</span> <span class='ocrx_word' id='word_1_203' title='bbox 809 3321 881 3390; x_wconf 93' lang='lat' dir='ltr'>diei</span> <span class='ocrx_word' id='word_1_204' title='bbox 898 3316 960 3389; x_wconf 85' lang='lat' dir='ltr'>sex</span> <span class='ocrx_word' id='word_1_205' title='bbox 977 3321 1017 3388; x_wconf 92' lang='lat' dir='ltr'>in</span> <span class='ocrx_word' id='word_1_206' title='bbox 1034 3317 1239 3411; x_wconf 89' lang='lat' dir='ltr'>duplicibus</span> <span class='ocrx_word' id='word_1_207' title='bbox 1256 3314 1356 3389; x_wconf 91' lang='lat' dir='ltr'>festis</span> <span class='ocrx_word' id='word_1_208' title='bbox 1373 3313 1443 3390; x_wconf 88' lang='lat' dir='ltr'>lint</span> <span class='ocrx_word' id='word_1_209' title='bbox 1460 3321 1591 3392; x_wconf 89' lang='lat' dir='ltr'>decen-</span> 
     </span>
    </p>

    <p class='ocr_par' dir='ltr' id='par_1_9' title="bbox 242 3429 1589 3521">
     <span class='ocr_line' id='line_1_23' title="bbox 242 3429 1589 3521; baseline 0.001 -19"><span class='ocrx_word' id='word_1_210' title='bbox 242 3441 297 3502; x_wconf 85' lang='lat' dir='ltr'>tes</span> <span class='ocrx_word' id='word_1_211' title='bbox 314 3433 410 3502; x_wconf 85' lang='lat' dir='ltr'>cerei</span> <span class='ocrx_word' id='word_1_212' title='bbox 436 3431 629 3502; x_wconf 87' lang='lat' dir='ltr'>ardentes·</span> <span class='ocrx_word' id='word_1_213' title='bbox 647 3434 685 3501; x_wconf 90' lang='lat' dir='ltr'>in</span> <span class='ocrx_word' id='word_1_214' title='bbox 707 3429 805 3502; x_wconf 89' lang='lat' dir='ltr'>sestis</span> <span class='ocrx_word' id='word_1_215' title='bbox 831 3453 964 3501; x_wconf 91' lang='lat' dir='ltr'>nouem</span> <span class='ocrx_word' id='word_1_216' title='bbox 991 3429 1188 3500; x_wconf 73' lang='lat' dir='ltr'>lettiouum</span> <span class='ocrx_word' id='word_1_217' title='bbox 1205 3438 1386 3521; x_wconf 88' lang='lat' dir='ltr'>quatuor·</span> <span class='ocrx_word' id='word_1_218' title='bbox 1407 3430 1445 3500; x_wconf 91' lang='lat' dir='ltr'>in</span> <span class='ocrx_word' id='word_1_219' title='bbox 1464 3431 1589 3503; x_wconf 86' lang='lat' dir='ltr'>diebus</span> 
     </span>
    </p>

    <p class='ocr_par' dir='ltr' id='par_1_10' title="bbox 242 3540 1846 3748">
     <span class='ocr_line' id='line_1_24' title="bbox 242 3540 1846 3633; baseline 0.004 -21"><span class='ocrx_word' id='word_1_220' title='bbox 242 3542 379 3614; x_wconf 88' lang='lat' dir='ltr'>feriatis</span> <span class='ocrx_word' id='word_1_221' title='bbox 404 3543 476 3613; x_wconf 93' lang='lat' dir='ltr'>duo</span> <span class='ocrx_word' id='word_1_222' title='bbox 503 3542 549 3613; x_wconf 85' lang='lat' dir='ltr'>ad</span> <span class='ocrx_word' id='word_1_223' title='bbox 575 3545 694 3613; x_wconf 94' lang='lat' dir='ltr'>minus</span> <span class='ocrx_word' id='word_1_224' title='bbox 712 3581 720 3598; x_wconf 94' lang='lat'><strong>·</strong></span> <span class='ocrx_word' id='word_1_225' title='bbox 740 3545 830 3614; x_wconf 89' lang='lat' dir='ltr'>item</span> <span class='ocrx_word' id='word_1_226' title='bbox 856 3542 1026 3614; x_wconf 85' lang='lat' dir='ltr'>candelas</span> <span class='ocrx_word' id='word_1_227' title='bbox 1051 3543 1096 3612; x_wconf 88' lang='lat' dir='ltr'>ad</span> <span class='ocrx_word' id='word_1_228' title='bbox 1123 3540 1233 3611; x_wconf 92' lang='lat' dir='ltr'>libros</span> <span class='ocrx_word' id='word_1_229' title='bbox 1256 3563 1387 3633; x_wconf 85' lang='lat' dir='ltr'>panem</span> <span class='ocrx_word' id='word_1_230' title='bbox 1409 3553 1448 3612; x_wconf 91' lang='lat' dir='ltr'>et</span> <span class='ocrx_word' id='word_1_231' title='bbox 1466 3545 1589 3614; x_wconf 89' lang='lat' dir='ltr'>vinum</span> <span class='ocrx_word' id='word_1_232' title='bbox 1602 3562 1846 3630; x_wconf 60' lang='lat' dir='ltr'>structurum</span> 
     </span>
     <span class='ocr_line' id='line_1_25' title="bbox 242 3648 1590 3748; baseline 0.002 -25"><span class='ocrx_word' id='word_1_233' title='bbox 242 3650 390 3748; x_wconf 81' lang='lat' dir='ltr'>singulis</span> <span class='ocrx_word' id='word_1_234' title='bbox 407 3652 581 3725; x_wconf 83' lang='lat' dir='ltr'>altaribus</span> <span class='ocrx_word' id='word_1_235' title='bbox 597 3649 798 3725; x_wconf 86' lang='lat' dir='ltr'>ministrare</span> <span class='ocrx_word' id='word_1_236' title='bbox 817 3693 825 3710; x_wconf 94' lang='lat'><strong>·</strong></span> <span class='ocrx_word' id='word_1_237' title='bbox 843 3651 1031 3726; x_wconf 89' lang='lat' dir='ltr'>incensum</span> <span class='ocrx_word' id='word_1_238' title='bbox 1055 3653 1229 3724; x_wconf 91' lang='lat' dir='ltr'>carbones</span> <span class='ocrx_word' id='word_1_239' title='bbox 1246 3648 1402 3723; x_wconf 87' lang='lat' dir='ltr'>stramen</span> <span class='ocrx_word' id='word_1_240' title='bbox 1420 3654 1590 3725; x_wconf 85' lang='lat' dir='ltr'>innccum</span> 
     </span>
    </p>

    <p class='ocr_par' dir='ltr' id='par_1_11' title="bbox 242 3761 1590 3858">
     <span class='ocr_line' id='line_1_26' title="bbox 242 3761 1590 3858; baseline 0 -22"><span class='ocrx_word' id='word_1_241' title='bbox 242 3776 281 3837; x_wconf 84' lang='lat' dir='ltr'>et</span> <span class='ocrx_word' id='word_1_242' title='bbox 306 3775 428 3837; x_wconf 86' lang='lat' dir='ltr'>nattas</span> <span class='ocrx_word' id='word_1_243' title='bbox 458 3787 522 3858; x_wconf 86' lang='lat' dir='ltr'>per</span> <span class='ocrx_word' id='word_1_244' title='bbox 549 3763 669 3836; x_wconf 91' lang='lat' dir='ltr'>tutum</span> <span class='ocrx_word' id='word_1_245' title='bbox 700 3765 785 3836; x_wconf 91' lang='lat' dir='ltr'>anni</span> <span class='ocrx_word' id='word_1_246' title='bbox 816 3765 991 3836; x_wconf 87' lang='lat' dir='ltr'>circulum</span> <span class='ocrx_word' id='word_1_247' title='bbox 1022 3787 1229 3856; x_wconf 85' lang='lat' dir='ltr'>comparare</span> <span class='ocrx_word' id='word_1_248' title='bbox 1252 3802 1260 3818; x_wconf 93' lang='lat'><strong>·</strong></span> <span class='ocrx_word' id='word_1_249' title='bbox 1283 3761 1345 3833; x_wconf 88' lang='lat' dir='ltr'>Ad</span> <span class='ocrx_word' id='word_1_250' title='bbox 1372 3761 1440 3835; x_wconf 89' lang='lat' dir='ltr'>ista</span> <span class='ocrx_word' id='word_1_251' title='bbox 1466 3777 1590 3836; x_wconf 87' lang='lat' dir='ltr'>autem</span> 
     </span>
    </p>

    <p class='ocr_par' dir='ltr' id='par_1_12' title="bbox 242 3871 1590 3970">
     <span class='ocr_line' id='line_1_27' title="bbox 242 3871 1590 3970; baseline 0.001 -24"><span class='ocrx_word' id='word_1_252' title='bbox 242 3878 364 3948; x_wconf 86' lang='lat' dir='ltr'>omnia</span> <span class='ocrx_word' id='word_1_253' title='bbox 388 3885 537 3948; x_wconf 88' lang='lat' dir='ltr'>tenetur</span> <span class='ocrx_word' id='word_1_254' title='bbox 560 3873 800 3948; x_wconf 88' lang='lat' dir='ltr'>thesaurarius</span> <span class='ocrx_word' id='word_1_255' title='bbox 817 3873 1022 3970; x_wconf 86' lang='lat' dir='ltr'>sumptibus</span> <span class='ocrx_word' id='word_1_256' title='bbox 1039 3877 1167 3947; x_wconf 82' lang='lat' dir='ltr'>decani</span> <span class='ocrx_word' id='word_1_257' title='bbox 1185 3871 1345 3945; x_wconf 90' lang='lat' dir='ltr'>eiusdem</span> <span class='ocrx_word' id='word_1_258' title='bbox 1363 3873 1513 3948; x_wconf 81' lang='lat' dir='ltr'>ecclesie</span> <span class='ocrx_word' id='word_1_259' title='bbox 1530 3881 1590 3970; x_wconf 91' lang='lat' dir='ltr'>qni</span> 
     </span>
    </p>

    <p class='ocr_par' dir='ltr' id='par_1_13' title="bbox 241 3982 1319 4080">
     <span class='ocr_line' id='line_1_28' title="bbox 241 3982 1319 4080; baseline -0.006 -21"><span class='ocrx_word' id='word_1_260' title='bbox 241 3985 296 4060; x_wconf 90' lang='lat' dir='ltr'>est</span> <span class='ocrx_word' id='word_1_261' title='bbox 313 3990 429 4060; x_wconf 67' lang='lat' dir='ltr'>redon</span> <span class='ocrx_word' id='word_1_262' title='bbox 446 3989 539 4060; x_wconf 78' lang='lat' dir='ltr'>diue</span> <span class='ocrx_word' id='word_1_263' title='bbox 557 3985 706 4060; x_wconf 79' lang='lat' dir='ltr'>eoeleste</span> <span class='ocrx_word' id='word_1_264' title='bbox 724 3987 839 4060; x_wconf 81' lang='lat' dir='ltr'>donec</span> <span class='ocrx_word' id='word_1_265' title='bbox 857 3987 964 4060; x_wconf 85' lang='lat' dir='ltr'>aliter</span> <span class='ocrx_word' id='word_1_266' title='bbox 980 3989 1091 4058; x_wconf 87' lang='lat' dir='ltr'>fuerit</span> <span class='ocrx_word' id='word_1_267' title='bbox 1109 3982 1291 4080; x_wconf 92' lang='lat' dir='ltr'>prouisum</span> <span class='ocrx_word' id='word_1_268' title='bbox 1311 4025 1319 4041; x_wconf 87' lang='lat'><strong>·</strong></span> 
     </span>
    </p>
   </div>
   <div class='ocr_carea' id='block_1_5' title="bbox 318 4207 1524 4303">
    <p class='ocr_par' dir='ltr' id='par_1_14' title="bbox 318 4207 1524 4303">
     <span class='ocr_line' id='line_1_29' title="bbox 318 4207 1524 4303; baseline 0 -23"><span class='ocrx_word' id='word_1_269' title='bbox 318 4210 375 4282; x_wconf 90' lang='lat' dir='ltr'>De</span> <span class='ocrx_word' id='word_1_270' title='bbox 393 4213 647 4283; x_wconf 85' lang='lat' dir='ltr'>canonicorum</span> <span class='ocrx_word' id='word_1_271' title='bbox 666 4207 863 4284; x_wconf 82' lang='lat' dir='ltr'>refideneia</span> <span class='ocrx_word' id='word_1_272' title='bbox 880 4221 918 4282; x_wconf 87' lang='lat' dir='ltr'>et</span> <span class='ocrx_word' id='word_1_273' title='bbox 936 4211 1088 4282; x_wconf 90' lang='lat' dir='ltr'>aliarum</span> <span class='ocrx_word' id='word_1_274' title='bbox 1107 4210 1328 4303; x_wconf 90' lang='lat' dir='ltr'>dignitatum</span> <span class='ocrx_word' id='word_1_275' title='bbox 1347 4207 1497 4280; x_wconf 80' lang='lat' dir='ltr'>ecclesie</span> <span class='ocrx_word' id='word_1_276' title='bbox 1516 4251 1524 4266; x_wconf 93' lang='lat'><strong>·</strong></span> 
     </span>
    </p>
   </div>
   <div class='ocr_carea' id='block_1_6' title="bbox 241 4429 1593 4638">
    <p class='ocr_par' dir='ltr' id='par_1_15' title="bbox 241 4429 1593 4638">
     <span class='ocr_line' id='line_1_30' title="bbox 244 4429 1591 4508; baseline 0.001 -3"><span class='ocrx_word' id='word_1_277' title='bbox 244 4435 301 4506; x_wconf 89' lang='lat' dir='ltr'>De</span> <span class='ocrx_word' id='word_1_278' title='bbox 327 4431 526 4508; x_wconf 88' lang='lat' dir='ltr'>relidencia</span> <span class='ocrx_word' id='word_1_279' title='bbox 550 4444 673 4506; x_wconf 86' lang='lat' dir='ltr'>autem</span> <span class='ocrx_word' id='word_1_280' title='bbox 697 4435 952 4506; x_wconf 85' lang='lat' dir='ltr'>canonicorum</span> <span class='ocrx_word' id='word_1_281' title='bbox 979 4429 1156 4505; x_wconf 86' lang='lat' dir='ltr'>statutum</span> <span class='ocrx_word' id='word_1_282' title='bbox 1183 4430 1237 4502; x_wconf 88' lang='lat' dir='ltr'>est</span> <span class='ocrx_word' id='word_1_283' title='bbox 1263 4440 1301 4501; x_wconf 91' lang='lat' dir='ltr'>et</span> <span class='ocrx_word' id='word_1_284' title='bbox 1327 4433 1533 4504; x_wconf 90' lang='lat' dir='ltr'>ordinatum</span> <span class='ocrx_word' id='word_1_285' title='bbox 1552 4447 1591 4507; x_wconf 88' lang='lat' dir='ltr'>vt</span> 
     </span>
     <span class='ocr_line' id='line_1_31' title="bbox 241 4545 1593 4638; baseline 0.002 -22"><span class='ocrx_word' id='word_1_286' title='bbox 241 4569 367 4619; x_wconf 87' lang='lat' dir='ltr'>omnes</span> <span class='ocrx_word' id='word_1_287' title='bbox 391 4547 555 4632; x_wconf 84' lang='lat' dir='ltr'>canonici</span> <span class='ocrx_word' id='word_1_288' title='bbox 580 4557 654 4617; x_wconf 82' lang='lat' dir='ltr'>tam</span> <span class='ocrx_word' id='word_1_289' title='bbox 679 4547 831 4617; x_wconf 86' lang='lat' dir='ltr'>maiores</span> <span class='ocrx_word' id='word_1_290' title='bbox 849 4568 957 4638; x_wconf 87' lang='lat' dir='ltr'>quam</span> <span class='ocrx_word' id='word_1_291' title='bbox 972 4546 1132 4616; x_wconf 90' lang='lat' dir='ltr'>minores</span> <span class='ocrx_word' id='word_1_292' title='bbox 1159 4552 1355 4614; x_wconf 86' lang='lat' dir='ltr'>teneantur</span> <span class='ocrx_word' id='word_1_293' title='bbox 1381 4545 1418 4615; x_wconf 95' lang='lat' dir='ltr'>in</span> <span class='ocrx_word' id='word_1_294' title='bbox 1444 4545 1593 4619; x_wconf 81' lang='lat' dir='ltr'>ecclesia</span> 
     </span>
    </p>
   </div>
   <div class='ocr_carea' id='block_1_7' title="bbox 0 0 2030 5534">
    <p class='ocr_par' dir='ltr' id='par_1_16' title="bbox 0 0 2030 5534">
     <span class='ocr_line' id='line_1_32' title="bbox 0 0 2030 5534; baseline 0 2"><span class='ocrx_word' id='word_1_295' title='bbox 0 0 2030 5534; x_wconf 95' lang='lat' dir='ltr'> </span> 
     </span>
    </p>
   </div>
  </div>
 </body>
</html>
