4050 5534
402 645 473 716 266
571 747 580 768 .
916 633 1221 712 REGISTRUM
1583 637 1734 734 [sucum

404 841 517 912 libere
533 850 573 912 et
589 839 712 933 quiete
727 839 832 911 iuxta
855 837 952 931 quod
968 836 1015 910 ab
1031 835 1189 929 antiquis
1205 837 1429 932 temporibus
1445 845 1543 914 retro
1559 835 1667 931 vsque
1686 839 1733 910 ad

402 952 471 1025 heo
487 961 651 1046 tempora
665 951 860 1024 habuerint
882 947 981 1023 saluo
1006 949 1047 1021 in
1069 949 1236 1022 omnibus
1261 949 1339 1021 iure
1354 948 1504 1045 persone
1520 958 1560 1023 et
1576 950 1734 1022 matricis

404 1060 551 1138 ecclesie
576 1105 585 1122 ·
610 1061 738 1136 Terras
754 1071 878 1136 autem
894 1083 982 1155 quaa
1001 1061 1137 1154 hijdem
1159 1059 1273 1133 kildei
1290 1083 1337 1134 ex
1353 1057 1574 1136 conceffione
1591 1057 1735 1134 Gilan‘st

403 1178 546 1250 comitis
561 1177 607 1250 de
624 1175 728 1249 Marr
742 1171 817 1247 sune
833 1171 1005 1246 consensu
1021 1171 1170 1268 prediffi
1187 1170 1340 1268 episcopi
1352 1186 1584 1269 receperunt·
1597 1171 1734 1246 seilicet

403 1287 616 1363 Dulbethok
632 1298 672 1362 et
682 1287 886 1380 Femoohty
896 1279 1167 1382 refignauerunt
1182 1286 1221 1358 in
1238 1308 1385 1359 manum
1401 1283 1556 1382 episcopi
1571 1287 1624 1360 ita
1639 1287 1734 1380 quod

403 1401 449 1474 de
471 1411 592 1475 cetero
619 1399 711 1474 nihil
736 1401 824 1472 iuris
839 1398 1085 1471 vendicabunt
1107 1398 1147 1469 in
1171 1399 1223 1470 eis
1247 1393 1313 1470 nisi
1339 1398 1385 1472 (le
1402 1395 1574 1472 consensu
1589 1393 1652 1470 suo
1669 1410 1734 1471 ant

404 1507 636 1586 successorum
652 1511 829 1584 suorum·
857 1508 1104 1583 Promiserunt
1129 1511 1240 1582 etiam
1264 1509 1416 1583 firmiter
1439 1511 1535 1606 quod
1552 1511 1597 1583 de
1613 1521 1735 1584 cetero

403 1626 521 1698 nullas
536 1636 651 1698 terras
666 1647 737 1718 que
753 1625 800 1696 ad
815 1619 1162 1718 episcopum‘Sanbti
1177 1621 1326 1696 Andree
1343 1623 1477 1696 debent
1492 1625 1673 1718 pertinere
1688 1649 1734 1698 ex

404 1740 498 1811 dono
526 1733 636 1833 ipflus
660 1737 802 1810 comitis
818 1735 877 1808 vel
896 1735 1045 1808 alterius
1062 1728 1138 1806 fine
1157 1728 1294 1806 assensu
1315 1731 1423 1830 ipfius
1439 1731 1594 1830 episcopi
1610 1733 1735 1808 San&

403 1851 553 1923 Andree
562 1849 608 1922 de
620 1858 740 1921 cetero
749 1849 925 1942 recipient
935 1869 1004 1918 neo
1017 1845 1152 1940 aliquid
1161 1845 1296 1920 faoient
1307 1848 1403 1941 quod
1415 1847 1522 1921 cedet
1533 1849 1571 1919 in
1580 1850 1736 1942 preiudi·

404 1964 501 2034 cium
517 1960 705 2056 dignitatis
719 1955 783 2032 sue
802 1954 1018 2054 [libertatis]
1037 1951 1185 2031 ecclefie
1200 1957 1322 2032 Saneti
1338 1959 1486 2032 Andree
1498 1959 1556 2032 vel
1573 1962 1611 2032 in
1628 1961 1738 2033 detri-

403 2081 569 2146 mentum
578 2065 728 2146 ecolefie
738 2070 949 2165 parochialis
962 2069 1008 2142 de
1021 2067 1286 2166 Monymussre·
1303 2069 1397 2143 Cum
1409 2081 1533 2145 autem
1543 2074 1736 2168 eontigerit

404 2181 609 2279 episcopum
634 2183 757 2257 Smeti
786 2182 936 2254 Audree
962 2184 1086 2255 venire
1112 2183 1158 2254 acl
1188 2179 1419 2256 Monimussre
1447 2185 1597 2278 predibti
1622 2184 1736 2258 kildei

404 2297 580 2392 recipient
589 2317 674 2368 eum
684 2317 768 2368 oum
779 2289 999 2390 procellione
1011 2290 1244 2389 solempniter
1256 2332 1266 2352 ·
1279 2294 1459 2368 Dominus
1469 2298 1580 2368 etiam
1593 2293 1737 2370 Willcl·

404 2431 485 2481 mus
502 2405 689 2503 episcopus
704 2405 829 2480 Seusti
840 2405 990 2480 Andree
1007 2402 1170 2500 promisit
1185 2429 1249 2500 pro
1265 2403 1303 2480 se
1319 2416 1359 2481 et
1374 2403 1625 2481 successoribus
1642 2408 1737 2501 quod

276 2521 283 2533 '
405 2516 548 2592 eosdem
564 2515 705 2592 kildeos
721 2517 863 2591 iuuabit
878 2526 918 2590 et
932 2539 1044 2590 manu
1060 2517 1202 2590 tenebit
1218 2529 1390 2613 tanquam
1406 2516 1487 2594 suos
1504 2559 1515 2578 ·
1533 2518 1590 2594 Vt
1613 2531 1737 2593 autem

404 2632 471 2704 hec
496 2627 706 2726 compositio
722 2630 854 2704 futuris
869 2638 1045 2724 perpetuo
1062 2631 1285 2724 temporibus
1311 2639 1390 2702 rata
1407 2639 1446 2704 et
1461 2630 1601 2704 illibata
1622 2631 1738 2726 perse·

404 2753 508 2817 neret
533 2753 572 2816 et
597 2739 773 2838 presentis
797 2737 919 2836 scripti
944 2742 1145 2814 munimine
1169 2752 1208 2814 et
1233 2753 1309 2816 tam
1326 2739 1521 2838 sigillorum
1538 2741 1736 2818 nostrorum

405 2879 514 2950 quam
525 2851 721 2952 sigillorum
737 2855 894 2949 partium
911 2848 1132 2948 appositione
1144 2863 1183 2927 et
1192 2856 1397 2928 iuramento
1414 2853 1523 2948 Bricij
1541 2864 1580 2926 et
1590 2855 1737 2928 Andree

406 2967 612 3040 kildeorum
638 2988 704 3062 pro
732 2966 770 3039 se
798 2975 838 3038 et
862 2962 934 3038 suis
958 2961 1160 3039 conkildeis
1188 2960 1398 3062 interposito
1422 2963 1476 3038 est
1500 2966 1735 3040 confirmata·

407 3077 490 3173 Hijs
517 3075 670 3151 testibus
697 3078 837 3151 Thema
868 3077 986 3171 priore
1011 3075 1136 3150 sanes
1153 3078 1302 3152 Andree
1327 3075 1521 3174 magistro
1538 3076 1735 3152 Laurencio
1793 3111 1799 3122 ·

406 3191 654 3264 archidiacono
672 3189 859 3263 lundonie
875 3229 885 3246 ·
904 3188 1014 3261 Petro
1032 3229 1041 3246 ·
1055 3187 1233 3264 Eduardo
1247 3231 1256 3248 ·
1270 3189 1433 3264 Galfiido
1442 3188 1636 3286 capellanis
1649 3187 1737 3284 epis·

409 3300 766 3398 copisansoiAndree
779 3343 788 3360 ·
800 3297 973 3376 Gerualio
985 3302 1032 3374 de
1043 3299 1168 3375 Geafle
1181 3343 1189 3360 ·
1202 3301 1364 3374 Roberto
1375 3303 1420 3374 de
1431 3300 1536 3396 Haye
1549 3341 1557 3360 ·
1571 3299 1736 3398 magilbu

409 3415 616 3509 Stephano·
632 3411 802 3510 magistro
817 3413 940 3484 Adam
955 3410 1076 3486 Ouide
1087 3456 1097 3473 ·
1108 3422 1147 3486 et
1163 3409 1331 3509 magistro
1343 3413 1526 3488 Michaele
1538 3453 1548 3472 ·
1560 3423 1600 3486 et
1611 3412 1736 3510 magis-

408 3539 466 3599 tro
490 3526 600 3600 Petro
620 3526 668 3600 de
685 3525 865 3599 Driburoh
882 3524 1045 3597 ·cleriois
1070 3522 1224 3620 episcopi
1247 3524 1356 3600 sensti
1373 3527 1522 3600 Andree
1546 3523 1736 3622 magisne

408 3639 528 3710 Bricio
545 3640 591 3711 de
609 3635 853 3734 Monymussre
870 3644 909 3709 et
926 3636 1054 3710 multis
1070 3637 1151 3730 alijs
1169 3679 1176 3694 ·

408 3977 518 4048 Carta
520 3974 817 4162 1{ontis-metionis
828 3970 1029 4047 Alexandri
1042 3978 1135 4071 regis
1147 3976 1316 4050 fratribus
1330 3974 1528 4071 Hospitalis
1538 3975 1734 4050 Jerusalem

409 4111 520 4162 conoe
585 4130 593 4147 ·

409 4292 632 4388 Alexander
657 4310 728 4383 Dei
753 4309 870 4405 gratia
891 4335 956 4384 rer
975 4310 1182 4384 Scottorum
1210 4313 1376 4385 omnibus
1399 4313 1520 4408 probis
1537 4313 1738 4386 bominibus

408 4425 522 4496 totius
534 4432 630 4496 terre
643 4419 704 4494 sne
717 4419 857 4494 clericis
867 4433 906 4495 et
923 4422 1035 4517 laycis
1052 4420 1205 4496 salutem
1219 4463 1228 4480 ·
1241 4421 1368 4497 Sciant
1383 4421 1568 4518 presentes
1578 4436 1617 4496 et
1629 4426 1739 4500 futuri

410 4558 476 4608 nos
500 4528 702 4606 conoeffilse
726 4542 766 4604 et
789 4533 857 4609 hae
882 4543 981 4606 carta
1008 4529 1127 4606 nostra
1151 4531 1369 4608 confirmasse
1398 4534 1480 4608 Deo
1508 4544 1548 4608 et
1571 4536 1739 4609 fratribus
