4050 5534
290 657 371 752 xa]
762 660 1170 736 Annnnorinnsn.
1595 675 1640 742 aa

288 858 379 930 labia
396 858 517 932 clausa
535 870 659 931 tenere
677 883 749 929 uon
768 860 904 930 debent
922 858 983 931 sed
1009 863 1128 954 ymnis
1147 871 1184 933 et
1203 865 1354 935 canticis
1373 864 1453 936 Deo
1471 867 1639 941 alacriter

286 971 544 1043 modulentur·
564 995 647 1044 cuni
674 973 808 1042 dicitur
833 992 974 1042 ononis
999 973 1122 1043 Parni
1146 983 1196 1046 etc
1213 1015 1221 1030 ·
1240 998 1366 1047 omnes
1393 977 1636 1074 consurgant·

285 1106 367 1153 cum
391 1086 602 1155 nominatur
621 1082 815 1180 gloriosum
842 1107 975 1154 nomen
1001 1084 1092 1155 illud
1116 1085 1263 1158 Jrinsus
1287 1125 1295 1142 ·
1320 1089 1358 1160 ia
1383 1091 1479 1160 cuius
1503 1096 1638 1166 aomina

284 1218 380 1267 omae
398 1221 488 1292 persa
497 1187 655 1290 fleslitar
668 1204 719 1267 cte
736 1236 744 1253 ·
763 1219 889 1267 omnes
906 1206 1015 1289 caput
1034 1197 1238 1268 inclinent·
1258 1199 1354 1272 Item
1374 1225 1481 1272 nemo
1499 1205 1634 1276 ibidem

283 1307 371 1378 dum
395 1309 483 1379 bore
500 1318 694 1381 cantantur
710 1309 748 1378 in
766 1310 950 1379 communi
973 1308 1119 1400 publice
1143 1309 1241 1404 legat
1258 1311 1316 1382 vel
1341 1314 1438 1384 dicat
1463 1316 1634 1406 priuatim

282 1421 441 1490 officium
454 1444 539 1491 nam
552 1443 624 1491 uon
638 1418 754 1490 solum
768 1417 977 1511 obsequium
988 1443 1059 1511 quo
1074 1422 1252 1492 obnoxius
1266 1419 1319 1494 est
1333 1425 1441 1496 choro
1455 1425 1634 1500 siibtrahit

282 1529 342 1601 sed
365 1532 456 1603 alios
481 1531 675 1624 psallentes
700 1531 889 1624 perturbat
908 1571 916 1587 ·
935 1531 1065 1602 borum
1091 1543 1215 1603 autem
1241 1533 1509 1630 transgressores
1535 1539 1632 1610 illius

280 1643 368 1714 bore
379 1645 417 1714 iu
429 1667 500 1736 qua
510 1646 605 1715 circa
617 1643 779 1736 preditta
789 1641 1013 1736 necligentes
1024 1646 1214 1715 extiterint
1228 1657 1336 1738 prout
1350 1645 1632 1742 transgressionis

279 1757 441 1848 grauitas
457 1758 573 1848 exigit
595 1755 804 1849 platteutur
820 1777 915 1847 pena
930 1777 996 1846 per
1012 1750 1254 1846 presidentem
1272 1760 1310 1828 iii
1329 1760 1488 1852 capitulo
1505 1797 1513 1816 ·
1532 1761 1629 1832 Item

281 1868 376 1959 quod
403 1868 670 1938 ebdomidarius
700 1888 765 1960 pro
792 1875 956 1958 tempore
982 1867 1154 1938 diaconus
1180 1878 1218 1939 et
1244 1867 1482 1943 subdiaconus
1508 1870 1629 1944 statim

280 1975 358 2071 post
374 1977 514 2050 sextam
532 1979 753 2049 conueniant
771 1979 808 2047 in
827 1977 988 2070 capitulo
1005 1980 1169 2050 induturi
1187 1977 1262 2051 sese
1281 1978 1503 2054 vestimentis
1521 1997 1628 2078 prout

280 2091 386 2162 decet
409 2102 449 2162 et
466 2092 562 2183 quod
587 2088 780 2161 obseruent
802 2085 979 2160 staciones
1001 2113 1067 2181 per
1085 2100 1200 2161 totam
1225 2077 1362 2164 missam
1380 2133 1388 2150 ·
1408 2099 1626 2167 contrarium

279 2205 415 2274 sacieris
440 2205 614 2296 puniatur
638 2204 743 2272 iuxta
768 2198 1025 2272 discretionem
1049 2211 1088 2272 et
1113 2204 1302 2274 arbitrium
1330 2203 1568 2297 presidentis·
1588 2220 1626 2280 et

279 2316 374 2406 quod
392 2313 515 2387 statim
542 2311 619 2408 post
644 2311 781 2384 missam
808 2314 1028 2384 conueniant
1046 2314 1083 2382 in
1102 2316 1210 2384 domo
1234 2317 1424 2409 capitulari
1442 2329 1480 2389 et
1498 2343 1627 2412 repon-

279 2438 343 2498 ant
371 2422 521 2498 honeste
546 2438 585 2497 et
609 2427 796 2518 placenter
819 2422 1035 2497 vestimenta
1060 2428 1097 2496 in
1124 2426 1203 2496 loco
1229 2429 1353 2499 debito
1377 2467 1385 2483 ·
1407 2429 1502 2502 Item
1530 2435 1625 2523 quod

280 2562 370 2610 virus
397 2563 444 2610 ex
466 2539 628 2631 qnalibet
655 2547 759 2632 parte
785 2539 884 2609 chori
911 2538 1109 2629 deputetur
1133 2562 1198 2630 pro
1225 2540 1424 2612 desestibns
1449 2541 1626 2615 conscrib-

278 2652 380 2722 endis
404 2653 442 2722 in
464 2653 573 2723 choro
599 2651 645 2721 de
670 2648 878 2722 absentibus
904 2672 977 2718 uon
1002 2649 1240 2743 psallentibus
1267 2675 1339 2722 non
1366 2653 1624 2726 inclinantibus

277 2763 336 2834 rel
361 2763 616 2835 recedentibus
642 2772 706 2833 aut
732 2756 944 2832 defeduosis
969 2763 1006 2831 in
1029 2763 1149 2855 aliquo
1176 2764 1416 2855 predistorum
1435 2806 1443 2822 ·
1463 2777 1500 2838 et
1527 2769 1624 2859 quod

276 2877 314 2946 in
345 2875 495 2946 sabbato
529 2874 796 2944 ebdomidarius
830 2875 1047 2965 pronunciet
1077 2883 1116 2945 ct
1144 2877 1266 2946 tradat
1296 2878 1333 2945 iu
1364 2875 1505 2969 scriptis
1539 2903 1623 2951 con-

274 2985 433 3058 scribens
450 2987 611 3056 defestus
628 2986 754 3056 maiori
772 2981 966 3078 presidenti
984 2987 1021 3055 in
1041 2986 1199 3078 capitulo
1218 3023 1226 3040 ·
1244 2996 1283 3056 et
1301 2989 1397 3078 quod
1415 2989 1623 3061 deficientes

275 3101 475 3191 puniantur
497 3121 561 3190 pcr
578 3092 821 3190 presidentem
846 3093 979 3188 absque
997 3097 1171 3168 dilatione
1189 3120 1404 3190 quacunque
1422 3100 1480 3170 vel
1501 3101 1624 3172 remis-

275 3207 397 3280 sione·
412 3209 509 3280 Item
523 3210 619 3301 quod
635 3209 682 3280 ad
698 3209 766 3279 hec
784 3204 923 3301 singula
940 3208 1188 3302 perimplenda
1205 3208 1362 3280 valletur
1378 3213 1622 3284 iuramentum

274 3323 322 3394 ab
341 3323 508 3393 omnibus
524 3317 812 3390 miuistrantibus
826 3321 862 3389 iu
878 3319 988 3390 choro
1005 3320 1150 3412 publice
1168 3323 1205 3391 iii
1220 3321 1378 3413 capitulo
1392 3363 1400 3378 ·
1416 3321 1512 3394 Item
1527 3327 1623 3416 qnod

274 3434 398 3504 nullus
428 3434 647 3504 admittatur
674 3427 749 3501 sine
778 3433 983 3500 iuramento
1017 3433 1178 3522 preditto
1206 3433 1249 3502 ad
1281 3430 1554 3506 ministrandum
1585 3440 1622 3506 iii

273 3541 423 3618 ecclesia
440 3540 691 3616 Aberdouensr
710 3583 718 3600 ·
737 3542 835 3613 Item
852 3543 948 3634 quod
969 3542 1093 3613 nullus
1119 3545 1312 3614 canonicus
1338 3548 1488 3639 recipiat
1506 3550 1624 3640 capel·

273 3659 398 3730 lanum
416 3656 477 3729 seu
495 3655 694 3728 stallarium
712 3655 816 3726 sunm
841 3653 1167 3749 perambulandum
1185 3651 1305 3725 secum
1324 3656 1418 3727 vltra
1433 3660 1622 3730 canoniam

274 3770 334 3841 rel
360 3770 455 3841 insra
479 3779 644 3861 tempore
670 3768 757 3838 bore
780 3769 818 3837 in
837 3790 907 3858 qua
924 3766 1036 3836 debet
1061 3765 1227 3837 interesse
1245 3806 1253 3822 ·
1272 3765 1369 3837 Item
1387 3771 1482 3859 quod
1509 3766 1535 3840 fi
1559 3771 1623 3842 ali-

272 3886 354 3975 quis
375 3904 569 3976 puerorum
588 3903 670 3951 cum
689 3901 918 3971 quocumque
935 3877 1109 3948 canonico
1127 3877 1185 3947 rel
1203 3877 1273 3948 alio
1292 3889 1454 3972 tempore
1480 3881 1567 3952 hore
1584 3885 1621 3952 in

272 4018 345 4086 qua
367 3989 534 4064 interesse
559 4000 710 4062 tenetur
732 3988 859 4062 absens
876 3991 986 4060 fuerit
1012 3989 1128 4081 primo
1147 3987 1395 4080 disciplinetur
1411 4000 1449 4062 et
1466 3990 1622 4064 secundo

271 4131 315 4177 ac
340 4107 451 4176 tertio
477 4102 684 4195 expellatur
709 4142 718 4158 ·
746 4110 784 4173 et
812 4097 838 4171 si
863 4100 1090 4193 necligenter
1120 4097 1425 4172 administrauerit
1450 4105 1488 4173 in
1514 4106 1621 4176 choro

273 4215 521 4310 disciplinetur
546 4224 654 4307 prout
681 4214 818 4284 decet·
840 4211 938 4283 Item
963 4213 1060 4304 quod
1087 4213 1181 4283 circa
1206 4208 1338 4282 festum
1362 4215 1622 4306 purificationis

271 4331 476 4422 proximum
495 4327 553 4396 iel
580 4326 673 4396 infra
699 4326 780 4394 osto
798 4325 874 4394 dies
896 4323 1088 4416 sequentes
1111 4321 1244 4414 absque
1262 4324 1423 4394 vlteriori
1450 4327 1622 4402 dilatione

271 4441 336 4512 fiat
368 4439 561 4512 condus’cio
596 4439 760 4508 omnium
790 4437 1003 4506 vicariorum
1039 4433 1307 4527 capellanorum
1338 4446 1376 4506 et
1411 4437 1622 4512 clericorum

272 4553 369 4622 chori
388 4561 428 4622 et
445 4551 541 4642 quod
563 4548 716 4641 quilibet
742 4545 942 4618 conductus
967 4546 1030 4617 det
1057 4544 1288 4617 securitatem
1307 4548 1352 4618 de
1370 4544 1557 4624 residendo
1584 4565 1622 4624 et
