4050 5534
221 652 326 748 rur]
691 649 1092 725 Ianaoonnnsa.
1515 664 1559 731 cr

218 849 354 925 destina
383 875 526 947 quoque
556 853 786 925 matrimonia
812 851 889 924 fieri
918 851 1149 944 prohibemus
1175 853 1382 926 inhibentes
1407 859 1557 952 nequis

217 963 376 1037 sacerdos
394 965 527 1039 talibus
549 957 714 1037 interesse
738 960 919 1058 presumat
936 973 975 1036 et
992 965 1054 1057 qui
1071 974 1197 1037 contra
1213 966 1282 1037 hoc
1298 966 1426 1039 fecerit
1451 993 1558 1043 cano-

217 1078 295 1149 nice
320 1079 517 1172 puniatur·
539 1075 770 1148 Denuncient
796 1075 907 1148 etiam
932 1071 1107 1169 presbytri
1132 1078 1355 1170 parochianis
1371 1077 1443 1152 suis
1460 1082 1556 1175 quod

217 1191 483 1262 matrimonium
508 1189 730 1283 prohibitum
753 1183 807 1260 est
830 1187 923 1260 infra
939 1197 1108 1280 quartum
1134 1191 1285 1284 gradum
1310 1189 1557 1288 consangumi-

218 1303 301 1374 tatis
319 1301 377 1375 vel
393 1302 579 1375 affinitatis
596 1341 604 1358 ·
623 1301 717 1372 vltra
741 1308 911 1393 quartum
936 1299 1088 1395 gradum
1114 1299 1278 1396 legitime
1303 1305 1553 1378 contrahitur·

219 1411 318 1486 Inter
342 1426 544 1509 compatres
570 1423 609 1486 et
633 1421 849 1485 commatres
873 1421 913 1484 et
937 1413 1035 1483 inter
1052 1411 1169 1484 filium
1194 1424 1233 1486 et
1258 1413 1369 1489 filiam
1395 1427 1434 1488 et
1460 1420 1557 1490 iuter

218 1521 417 1620 susceptum
440 1536 478 1598 et
501 1523 700 1620 susceptam
721 1536 760 1596 et
780 1524 890 1596 filiam
913 1521 1139 1617 suscipleutis
1155 1527 1425 1600 matrimonium
1446 1531 1556 1603 inter-

220 1639 366 1710 dicimus
387 1681 394 1696 ·
418 1637 621 1711 Statuimus
647 1640 758 1710 etiam
782 1645 822 1708 vt
848 1635 1024 1730 capellani
1050 1638 1283 1729 parochianos
1304 1637 1386 1712 suos
1411 1642 1555 1735 publice

220 1750 420 1823 fornicarios
446 1747 567 1824 statim
593 1748 813 1843 compellant
834 1771 918 1821 cum
934 1748 1133 1843 fornicarijs
1157 1747 1228 1822 suis
1253 1753 1464 1827 contrahere
1490 1765 1554 1828 aut

220 1883 275 1932 eas
292 1857 500 1957 simpliciter
516 1862 679 1935 abiurare
695 1860 797 1934 nulla
813 1860 1020 1932 conditione
1036 1860 1174 1933 adletae
1191 1902 1199 1918 ·

433 2085 576 2158 LXVI.
602 2083 743 2157 Tueudi
760 2083 843 2157 sunt
861 2086 1041 2180 hrgientes
1058 2085 1104 2157 ad
1122 2082 1306 2160 ecclefiam
1324 2132 1333 2148 ·

220 2309 384 2384 Firmiter
407 2311 638 2406 prohibemus
655 2333 702 2382 ne
720 2313 799 2404 quie
817 2311 997 2406 fugientes
1014 2309 1061 2381 ad
1078 2307 1263 2384 ecclesiam
1289 2335 1378 2406 quos
1403 2314 1554 2390 ecclelia

218 2423 321 2497 debet
338 2427 434 2498 tueri
460 2427 545 2496 iude
562 2425 739 2496 violenter
761 2419 942 2495 abstrahat
959 2431 1024 2494 aut
1040 2420 1134 2515 ipsos
1151 2426 1246 2496 circa
1261 2422 1447 2500 ecclesiam
1464 2428 1555 2503 obfi-

218 2535 299 2608 deat
313 2538 372 2610 vel
391 2535 524 2610 eisdem
542 2534 728 2609 subtrahat
746 2533 939 2607 vidualia·

453 2761 617 2835 LXVII.
644 2761 750 2846 Quod
767 2757 917 2832 honeste
932 2757 1120 2832 seruenter
1135 2758 1285 2833 ecclesie
1304 2804 1312 2819 ·

215 2985 450 3061 Prohihemus
475 2989 585 3060 etiam
610 3011 657 3059 ue
678 2987 807 3059 choree
825 2983 883 3057 vel
909 2993 1034 3078 turpes
1059 2992 1098 3055 et
1122 2982 1300 3058 inhonesti
1326 2987 1403 3060 ludi
1420 2994 1482 3083 qui
1508 2994 1552 3064 ad

211 3097 393 3173 lasciuiam
420 3102 578 3172 inuitant
595 3103 632 3172 in
651 3095 809 3194 ecclesrjs
827 3098 885 3170 vel
903 3097 1091 3190 cimiterijs
1115 3097 1205 3169 fiant
1230 3121 1299 3171 uec
1324 3099 1428 3174 cause
1454 3101 1554 3177 secu-

210 3209 304 3283 lares
337 3213 495 3284 maxime
524 3215 562 3284 iu
592 3213 722 3306 quibus
751 3211 870 3305 agitur
897 3209 943 3280 de
973 3209 1107 3280 iudicio
1140 3207 1322 3305 sauguinis
1352 3214 1389 3284 in
1419 3213 1552 3288 eisdem

209 3325 437 3396 tradentur·
457 3323 660 3397 Statuimus
685 3326 796 3396 etiam
811 3331 863 3394 ut
889 3322 1068 3394 cimiteria
1094 3344 1159 3415 per
1185 3324 1377 3397 circuitum
1404 3327 1552 3400 honeste

207 3435 427 3508 claudantur
455 3459 502 3509 ue
524 3437 719 3508 immundis
744 3443 783 3508 et
813 3435 928 3506 brutis
954 3433 1171 3505 animalibus
1201 3444 1326 3527 pateat
1352 3437 1550 3534 ingressus·

207 3545 360 3622 ecclesie
376 3572 519 3643 quoque
536 3551 678 3644 integre
695 3557 734 3620 et
751 3543 901 3619 honeste
917 3541 992 3616 fine
1009 3546 1114 3618 ruina
1130 3541 1402 3621 custodiantur·

385 3771 570 3846 LXVIII.
598 3771 944 3844 Excommuuicandi
962 3767 1046 3842 sunt
1064 3781 1192 3863 quater
1209 3774 1246 3844 in
1265 3796 1386 3846 auno·

200 3997 584 4072 Excommuuicentur
600 4008 729 4092 quater
745 4000 784 4069 iu
801 4020 896 4069 anno
923 4017 987 4090 per
1012 4005 1129 4068 totam
1147 3994 1325 4092 dyocesim
1342 3994 1495 4096 sorciarij
1514 4013 1552 4075 et

198 4111 420 4206 incendiarij
438 4107 617 4184 manisesti
635 4108 781 4205 vsnrarij
799 4147 808 4166 ·
826 4107 1006 4181 malefici·
1024 4117 1185 4202 raptores
1202 4109 1338 4203 publici
1351 4149 1359 4166 ·
1373 4111 1553 4187 maliciose

194 4224 447 4321 ImpedIeutes
470 4220 687 4296 testamenta
704 4223 883 4319 legittime
900 4221 993 4294 sada
1010 4261 1019 4277 ·
1038 4218 1192 4294 scienter
1216 4223 1349 4316 periuri
1374 4247 1440 4318 per
1464 4249 1553 4320 quos
1631 4256 1634 4261 ⁴

194 4337 337 4432 aliquis
370 4335 509 4410 amittit
546 4335 786 4408 hereditatem
824 4335 1042 4407 beneficium
1075 4329 1354 4407 ecclefiasticum
1389 4337 1447 4412 vel
1480 4350 1553 4413 ter·

194 4471 362 4522 renum·
