4050 5534
254 658 362 754 rur]
707 661 1113 740 Annnnonnusn
1522 670 1593 741 aee

252 861 510 938 archidiaconis
527 875 566 936 et
581 865 661 959 olijs
678 861 908 939 ecclesiarum
933 865 1082 960 prelatis
1098 867 1145 938 ad
1170 889 1260 960 quos
1285 863 1468 961 presentes
1490 867 1597 940 litere

249 979 485 1065 peruenerint
500 976 654 1050 salutem
677 987 717 1050 et
742 975 975 1072 apostolicam
999 979 1289 1052 benedidionem
1314 1017 1322 1036 ·
1351 978 1437 1051 Non
1463 977 1596 1074 absque

252 1085 375 1160 dolore
392 1090 508 1162 cordis
535 1099 573 1162 et
599 1090 755 1185 plurima
783 1090 1054 1185 perturbatione
1081 1090 1272 1165 didicimus
1288 1092 1386 1185 quod
1410 1094 1448 1164 in
1473 1091 1597 1186 pleris-

250 1221 321 1290 que
338 1201 501 1294 partibus
517 1197 755 1277 ecclesiastica
770 1201 919 1277 censura
943 1197 1146 1275 dissoluitur
1161 1213 1200 1276 et
1217 1205 1389 1276 canonice
1415 1203 1596 1276 sententie

249 1309 422 1386 seneritas
447 1324 641 1388 eneruatur
666 1325 706 1388 vt
730 1318 797 1388 viri
822 1311 977 1412 religiosi
1005 1323 1045 1387 et
1070 1315 1119 1410 hij
1146 1317 1306 1390 maxime
1333 1318 1394 1410 qui
1412 1339 1478 1411 per
1503 1314 1596 1388 sedis

249 1420 443 1518 apostolice
459 1427 649 1523 priuilegia
664 1430 791 1502 maiori
809 1429 933 1502 donati
958 1425 1043 1500 sunt
1059 1427 1230 1502 libertate
1247 1425 1372 1523 pallim
1389 1453 1417 1506 a
1427 1429 1597 1502 malefac-

250 1537 390 1612 toribus
415 1536 486 1612 suis
508 1542 656 1614 iniurias
680 1539 880 1614 sustineant
904 1549 942 1614 et
967 1542 1110 1636 rapinas
1136 1542 1223 1613 dum
1240 1543 1302 1614 vix
1327 1543 1515 1614 inuenitur
1534 1541 1596 1634 qui

250 1673 410 1746 congrua
425 1651 497 1725 illis
513 1654 737 1747 protectione
759 1651 948 1728 subueniat
966 1663 1005 1727 et
1022 1677 1087 1748 pro
1105 1654 1261 1728 fouenda
1277 1677 1476 1749 pauperum
1494 1655 1596 1725 inno·

251 1766 373 1836 centia
384 1760 420 1836 se
434 1788 577 1837 murum
589 1763 804 1838 desenfionis
815 1775 975 1859 opponat
990 1805 999 1824 ·
1013 1764 1230 1861 Specialiter
1247 1776 1371 1840 autem
1389 1766 1510 1839 diledci
1530 1765 1595 1860 filij

250 1876 380 1948 fratres
397 1875 583 1972 hospitalis
608 1876 887 1950 Ierosolimitani
903 1887 980 1950 tarn
997 1880 1043 1950 de
1060 1880 1310 1972 frequentibus
1328 1881 1469 1973 iniurijs
1486 1903 1595 1972 quam

250 1990 297 2063 de
314 1986 390 2084 ipso
407 1991 588 2064 cotidiano
605 1990 750 2064 desedou
764 1986 905 2063 iusticie
930 2002 1195 2084 conquerentes
1220 1988 1493 2064 uniuersitatem
1520 1993 1596 2064 ves-

252 2113 346 2176 tram
371 2102 505 2175 litteris
530 2105 717 2197 petierunt
741 2099 946 2198 apostolicis
971 2105 1123 2178 excitari
1149 2115 1190 2177 vt
1210 2106 1263 2178 ita
1280 2103 1452 2176 videlicet
1478 2105 1530 2176 eis
1556 2107 1594 2177 in

251 2193 546 2290 tribulationibus
576 2214 647 2290 suis
676 2225 805 2290 contra
826 2215 1073 2290 malefadoores
1103 2239 1229 2290 eorum
1259 2216 1423 2289 debeatis
1448 2225 1596 2311 magna-

250 2330 420 2402 nimitate
443 2327 657 2425 consurgere
681 2331 778 2423 quod
804 2329 850 2401 ab
867 2325 1042 2424 angustijs
1067 2351 1155 2422 quas
1181 2323 1357 2401 sustinent
1373 2336 1413 2399 et
1430 2322 1596 2422 pressuris

250 2438 368 2514 restro
393 2437 537 2536 potsunt
561 2438 715 2536 presidio
738 2439 937 2537 respirare·
956 2438 1118 2534 Ideoque
1143 2435 1369 2511 vnlnerfitati
1386 2435 1504 2510 vestre
1529 2463 1594 2533 per

250 2550 446 2648 apostolica
462 2553 593 2652 scripta
612 2555 825 2628 mandamus
850 2562 961 2646 atque
985 2553 1204 2648 precipimus
1221 2561 1400 2644 quatenus
1426 2551 1508 2653 illos
1533 2554 1595 2644 qui

249 2663 476 2762 poffeffiones
493 2669 552 2741 vel
567 2691 626 2741 res
651 2665 716 2741 seu
740 2667 866 2740 domos
890 2666 1133 2761 praticorum
1159 2664 1313 2737 fratrum
1330 2663 1389 2736 vel
1406 2663 1594 2735 hominum

250 2777 395 2852 suorum
411 2782 654 2854 irreuerenter
668 2777 867 2855 inusserint
886 2787 952 2851 aut
969 2801 1013 2850 ea
1029 2773 1162 2850 iniuste
1180 2776 1405 2848 detinuerint
1421 2799 1492 2869 que
1516 2799 1596 2870 pre·

251 2893 355 2965 distis
372 2894 543 2966 fratribus
556 2917 602 2966 ex
615 2891 834 2966 testamento
852 2891 1108 2964 decedentium
1121 2889 1351 2983 reliquuntur
1367 2884 1428 2960 seu
1445 2889 1485 2959 in
1502 2887 1604 2982 ipsos·

250 3005 379 3078 iratres
395 3007 454 3079 vel
472 3029 597 3079 eorum
622 3005 780 3098 aliquem
798 3013 926 3080 eontra
950 2998 1146 3097 apostolice
1171 2999 1264 3072 sedis
1290 2998 1434 3074 indulta
1449 2997 1594 3073 santen-

250 3120 339 3190 tiam
364 3119 749 3193 excommunicationis
774 3126 838 3189 aut
863 3112 1048 3188 interdicti
1064 3109 1343 3209 presumpserint
1367 3112 1596 3208 promulgare

250 3230 308 3302 vel
325 3231 483 3305 decimas
495 3232 661 3305 laborum
678 3231 723 3302 de
740 3224 1007 3324 possessionibus
1025 3227 1167 3299 debitas
1180 3236 1267 3299 ante
1284 3219 1473 3298 confilium
1486 3247 1597 3320 gene·

249 3342 325 3418 rale
341 3369 431 3439 quas
443 3346 594 3441 proprijs
611 3343 779 3416 manibus
795 3351 859 3415 aut
876 3337 1081 3434 sumptibus
1098 3339 1275 3412 excolunt
1287 3334 1350 3409 seu
1362 3337 1596 3409 nutrimentis

249 3456 458 3529 animalium
491 3481 617 3530 eorum
645 3453 774 3550 spretis
806 3450 999 3550 apostolice
1031 3451 1122 3524 sedis
1149 3450 1349 3546 priuilegije
1379 3459 1595 3541 extorquere

248 3572 454 3642 monitione·
477 3566 641 3664 premissa
658 3562 685 3638 fi
703 3567 785 3640 laici
803 3567 940 3639 fuerint
962 3565 1108 3658 publice
1124 3563 1285 3636 candelis
1302 3557 1459 3636 accensis
1476 3556 1595 3656 fingu-

248 3682 292 3754 lis
310 3678 468 3754 vestrum
493 3677 651 3775 ecolesrjs
668 3690 708 3753 et
724 3675 925 3753 diooefibus
951 3673 1078 3751 vestris
1104 3675 1491 3749 excommunicationis
1516 3671 1595 3746 sen-

250 3798 367 3868 tentia
378 3794 583 3891 percellatis
596 3835 605 3854 ·
618 3791 647 3866 fi
659 3817 745 3867 vero
758 3792 923 3867 canonici
935 3791 1120 3886 regulares
1133 3787 1191 3862 vel
1206 3786 1327 3862 clerici
1344 3783 1408 3860 seu
1425 3786 1593 3859 monachi

248 3911 386 3982 suerint
403 3933 465 3982 eos
481 3907 726 4003 appellatione
738 3916 880 3978 remota
895 3904 942 3977 ab
959 3903 1078 3977 officio
1095 3912 1133 3975 et
1150 3900 1328 3975 beneficio
1346 3896 1593 3992 suspendatis·

248 4033 416 4096 neutram
440 4021 637 4096 relaxaturi
664 4019 884 4092 sententiam
910 4018 1026 4089 donec
1051 4014 1221 4111 predictis
1246 4011 1417 4085 fratribus
1433 4009 1594 4105 plenarie

247 4131 462 4208 satisfaciant
479 4176 488 4193 ·
507 4144 639 4208 ettam
656 4132 749 4228 layci
777 4155 885 4225 quam
912 4128 1035 4204 clerici
1053 4123 1230 4199 seculares
1255 4126 1318 4218 qui
1344 4145 1408 4218 pro
1435 4121 1596 4196 violenta

246 4271 422 4322 manuum
435 4249 629 4321 iniedtione
642 4249 681 4318 in
693 4245 823 4318 fratres
835 4240 930 4336 ipsos
943 4242 1002 4314 vel
1014 4240 1161 4314 illorum
1176 4231 1335 4331 aliquem
1350 4236 1594 4309 anathematis

247 4361 393 4436 vinculo
409 4363 547 4435 fuerint
570 4359 735 4433 innodati
758 4381 843 4430 cum
872 4352 1051 4427 diocesani
1079 4349 1235 4448 episcopi
1260 4351 1375 4423 literis
1401 4348 1446 4420 ad
1471 4343 1593 4420 sedem

248 4472 480 4571 apostolicam
496 4476 685 4546 venientes
702 4472 748 4544 ab
768 4472 897 4543 eodem
914 4466 1060 4539 vinculo
1077 4471 1287 4538 mereantur
1304 4458 1441 4534 absolui
1459 4501 1468 4518 ·
1487 4459 1593 4546 villas

238 4599 371 4661 autem
383 4591 422 4661 in
440 4587 571 4684 quibus
587 4587 683 4659 bona
701 4584 946 4680 predictorum
960 4581 1112 4652 fratrum
1131 4601 1196 4672 per
1211 4575 1424 4648 violentiam
1442 4573 1593 4645 detenta
