4050 5534
373 610 445 705 ala
894 628 1200 705 nnmsnnnm
1566 630 1721 729 [secun

376 835 480 906 annis
497 856 561 929 per
577 832 804 927 capellanum
821 832 1057 925 pereundam
1070 830 1265 903 mndatum
1277 830 1325 903 ad
1337 828 1452 903 altars
1461 832 1570 904 beata
1580 830 1721 905 Katha-
1792 796 1808 822 ⁶

378 947 456 1017 rino
469 946 617 1041 virginis
631 946 724 1017 infra
736 938 924 1017 eeclesiam
937 941 1182 1017 cathedralem
1195 940 1487 1016 Abirdonensem
1499 954 1539 1016 et
1549 942 1720 1018 saoollum

379 1059 473 1131 diae
497 1059 645 1153 virginis
670 1080 736 1151 per
760 1057 918 1129 eundem
937 1055 1180 1128 reuerentiam
1205 1062 1348 1151 patrem
1370 1052 1613 1129 oonstmaum
1631 1098 1640 1114 ·
1658 1060 1719 1151 qni

379 1172 469 1265 obijt
487 1171 582 1243 dian
601 1170 659 1243 dia
676 1166 806 1241 mensis
825 1167 956 1263 Maroij
975 1191 1072 1240 anno
1089 1166 1242 1239 Domini
1263 1164 1469 1261 monui]

429 1392 582 1467 Daoimo
599 1395 708 1467 terlio
725 1391 1006 1467 anniuersarium
1033 1416 1098 1489 pro
1122 1394 1246 1467 anima
1262 1390 1424 1489 magistri
1439 1393 1618 1467 lobannis
1634 1393 1721 1467 Bm·

379 1508 471 1579 bour
502 1506 590 1579 olim
623 1506 864 1580 archidianoni
893 1501 1157 1579 Abirdononfis
1183 1508 1292 1583 xri.
1334 1506 1379 1577 do
1406 1502 1581 1579 custumis
1613 1504 1723 1578 Abir-

382 1614 596 1693 donenfibus
614 1618 785 1692 videlioot
815 1618 860 1691 da
889 1617 927 1713 ly
953 1620 1049 1691 vatin
1077 1617 1182 1691 malis
1211 1620 1308 1711 ·qui
1334 1618 1426 1711 obijt
1450 1640 1546 1691 anno
1572 1616 1721 1689 Domini

382 1752 545 1805 moeno.
565 1726 786 1827 [mammon]

432 1952 619 2052 Vigolimo
635 1958 751 2049 primo
764 1952 893 2051 Martij
907 1953 1191 2028 anniuersarium
1209 1977 1274 2049 pro
1291 1957 1412 2028 anima
1423 1956 1561 2029 domini
1573 1957 1723 2031 Andros

384 2068 537 2141 Soherar
560 2065 737 2161 oapollani
765 2066 810 2138 da
828 2063 995 2139 Vnsthall
1012 2078 1052 2140 at
1069 2067 1190 2161 vicarij
1210 2067 1256 2139 do'
1274 2066 1352 2162 Nig
1378 2090 1430 2139 11
1446 2070 1477 2141 ἔ.
1495 2068 1541 2141 do
1558 2070 1724 2143 domibus

384 2178 554 2253 videlicet
575 2176 733 2274 magistri
759 2177 936 2252 Johannis
954 2177 1152 2253 Nicolsone
1169 2177 1219 2274 xij
1240 2182 1269 2253 ἔ.
1288 2188 1326 2251 et
1351 2178 1505 2253 Roborti
1532 2180 1723 2259 Endeooht

383 2280 444 2388 v'iij
462 2294 492 2365 ἔ.
511 2292 681 2386 contigno
706 2290 909 2365 iacentibus
932 2292 969 2363 in
987 2293 1068 2366 vioo
1093 2292 1275 2365 furcarum
1294 2289 1537 2366 Abirdonenfi
1555 2318 1602 2367 ex
1619 2308 1723 2390 parte

383 2403 597 2477 occidentali
615 2400 774 2475 eiusdem
792 2442 800 2459 ·
819 2404 882 2495 qui
895 2403 986 2497 obijt
1003 2428 1099 2477 anno
1116 2403 1267 2476 Domini
1284 2424 1516 2479 ss.n.xxx111.

432 2622 618 2725 Vigefimo
635 2636 763 2720 quarto
780 2627 906 2732 Mantij
925 2625 1209 2701 anniuersarium
1233 2650 1298 2723 pro
1324 2632 1446 2703 anima
1470 2632 1607 2706 domini
1625 2632 1723 2707 Wil-

381 2741 482 2815 lelmi
517 2740 644 2836 Layng
681 2763 731 2811 xx
773 2742 803 2815 ἔ.
834 2738 879 2811 de
913 2737 1097 2813 manfione
1137 2740 1184 2812 de
1220 2739 1368 2813 Turroff
1400 2742 1494 2816 infra
1532 2749 1728 2819 canoniam

380 2848 670 2927 Abirdonansom
687 2894 695 2911 ·

433 3075 619 3174 Vigolimo
636 3080 763 3172 quinto
789 3078 916 3175 Martij
935 3075 1216 3154 anniuersarium
1241 3100 1307 3171 pro
1332 3080 1453 3155 anima
1468 3080 1626 3177 magistri
1644 3084 1725 3157 Gil-

385 3303 548 3397 Bahaluy
566 3302 660 3374 infra
676 3304 865 3377 canoniam
878 3301 1168 3376 Abirdonensem
1185 3341 1194 3360 ·
1212 3305 1273 3396 qui
1291 3304 1383 3399 obijt
1399 3328 1495 3409 anno
1513 3304 1686 3381 Domini·
1713 3354 1723 3369 ·

723 3636 1024 3711 Anmnnnsnnm
1042 3658 1179 3712 nonnam
1198 3640 1359 3713 Annnns
1377 3682 1385 3697 ·

427 3866 550 3939 Tertio
562 3862 702 3957 Aprilis
713 3858 996 3934 anniuersarium
1007 3884 1073 3955 pro
1085 3864 1207 3936 anima
1222 3860 1381 3960 magistri
1395 3865 1529 3941 Adnmi
1547 3870 1723 3942 Gordoun

385 3980 471 4053 olim
488 3977 635 4051 sanioris
652 3998 674 4047 a
690 3972 855 4070 Kynkall
870 3973 920 4071 iiij
942 3974 1004 4047 lin.
1022 3998 1047 4045 x
1061 3978 1091 4047 i.
1109 3975 1155 4047 do
1172 3976 1297 4049 oroftis
1314 3977 1491 4051 dioiornm
1509 3984 1725 4055 vicariorum

385 4114 481 4165 nunc
506 4092 544 4161 in
567 4086 733 4159 manibus
754 4083 914 4181 magistri
934 4086 1113 4159 Johannis
1139 4086 1315 4162 Gordonn
1342 4094 1479 4164 vocatis
1493 4090 1565 4165 Fill
1583 4104 1628 4186 po
1645 4120 1716 4192 oop

384 4202 585 4277 iacentibus
610 4200 706 4292 apud
733 4198 769 4293 ly
793 4196 927 4271 Thonis
952 4199 1054 4296 briga
1082 4199 1376 4275 Abirdononsem
1393 4244 1403 4261 ·
1421 4207 1484 4297 qui
1509 4206 1601 4300 obijt
1626 4230 1724 4283 anno

386 4314 532 4387 Domini
550 4330 717 4384 innam.

431 4529 617 4627 Vigefimo
653 4512 779 4605 oaau'o
817 4534 956 4629 Aprilis
992 4536 1273 4613 anniuersarium
1310 4564 1374 4635 pro
1411 4546 1532 4619 anima
1564 4544 1724 4643 magistri
