4050 5534
423 667 471 734 50
944 650 1252 728 REGISTRUM
1617 653 1773 751 [sucum

424 856 535 954 nister
558 857 703 929 humilis
718 853 871 928 salutem
889 856 927 926 in
944 853 1091 926 domino
1108 892 1117 908 ·
1138 850 1296 924 Nouerit
1314 847 1526 924 vniuerlitas
1543 848 1660 926 vestra
1676 855 1773 948 quod

425 993 508 1042 cum
534 992 630 1042 anno
648 967 784 1040 domini
801 963 990 1038 millesimo
1007 959 1254 1036 ducentesimo
1272 960 1490 1059 sexagesimo
1507 963 1610 1036 sexto
1626 967 1665 1036 in
1683 963 1773 1038 sesto

428 1081 538 1154 sanffl
556 1079 804 1152 Bartholomei
821 1077 1056 1172 pontificatus
1072 1071 1184 1148 nostri
1201 1077 1299 1148 anno'
1315 1099 1411 1147 nono
1425 1077 1463 1147 in
1476 1078 1636 1170 capitulo
1653 1075 1773 1150 nostro

428 1186 697 1264 Abbirdonenfi
721 1188 947 1285 presentibus
977 1189 1114 1260 decano
1139 1196 1352 1280 precentore
1374 1197 1414 1259 et
1430 1186 1642 1280 quibusdam
1668 1213 1775 1262 cano-

429 1306 520 1376 nicis
549 1303 630 1397 alijs
655 1339 665 1360 ·
694 1299 906 1394 quibusdam
935 1323 1001 1394 per
1030 1309 1278 1392 procuratores
1308 1300 1600 1393 comparentibus
1634 1303 1775 1374 ordina-

429 1417 567 1487 tionem
592 1424 631 1487 et
656 1410 793 1485 statuta
821 1409 969 1484 ecclesie
998 1405 1118 1481 nostre
1143 1434 1165 1482 a
1189 1407 1492 1502 predecessoribus
1518 1407 1646 1484 nostris
1676 1413 1775 1484 edita

429 1523 699 1621 inspexissemus
725 1533 764 1596 et
789 1524 984 1620 diligenter
1008 1520 1307 1594 examinassemus
1332 1523 1566 1595 attendentes
1591 1524 1712 1617 aliqua
1735 1527 1774 1596 in

429 1639 590 1732 preditta
622 1637 848 1708 ordinatione
882 1631 984 1706 luisse
1019 1630 1268 1725 obscuraque
1299 1635 1438 1706 animos
1472 1636 1699 1707 audientium
1728 1637 1775 1708 ad

431 1748 671 1820 dubitandum
689 1749 748 1819 rbi
767 1742 909 1818 fortasse
932 1767 1006 1815 nou
1024 1739 1111 1815 elset
1137 1742 1364 1816 hesitandum
1389 1741 1529 1840 possent
1555 1749 1715 1820 excitare
1732 1773 1774 1820 ac

430 1861 586 1952 quedam
612 1859 683 1930 alia
707 1861 827 1929 minus
851 1856 1012 1951 plenarie
1029 1853 1131 1927 luilso
1156 1854 1298 1950 prouisa
1314 1868 1353 1930 et
1371 1860 1537 1931 ordinata
1560 1861 1597 1930 in
1615 1859 1775 1953 capitulo

432 1969 495 2041 illo
512 1971 558 2042 de
575 1970 691 2041 officio
717 1965 924 2060 thesaurarij
943 2007 952 2026 ·
971 1975 1075 2062 patet
1098 1969 1192 2060 quod
1217 1969 1263 2040 de
1286 1967 1488 2063 sumptibus
1514 1969 1621 2042 solius
1647 1972 1773 2043 decani

431 2083 527 2175 quod
544 2083 665 2153 eidem
690 2077 779 2153 elset
804 2077 993 2151 onerosum
1018 2079 1122 2171 plura
1142 2081 1346 2153 debuerunt
1363 2085 1401 2152 in
1420 2083 1516 2154 dista
1540 2078 1688 2156 ecclesia
1712 2107 1776 2176 per

431 2192 691 2266 thesaurarium
713 2189 925 2264 sustentari·
941 2189 1021 2262 Nos
1039 2214 1184 2264 omnem
1201 2192 1466 2265 dubitationem
1483 2192 1641 2266 resecare
1655 2195 1775 2266 volen-

431 2317 488 2376 tes
509 2329 551 2376 ac
567 2305 632 2376 illa
647 2328 718 2396 que
742 2305 863 2374 minus
888 2301 995 2396 plene
1012 2303 1159 2374 fuerunt
1185 2302 1325 2397 prouisa
1342 2315 1381 2376 et
1398 2306 1563 2378 ordinata
1587 2303 1776 2378 salubriter

432 2417 655 2510 prouidendo
675 2415 873 2508 adimplere
890 2413 1126 2508 irrefragabili
1144 2412 1401 2488 constitutione
1420 2417 1634 2490 declarando
1652 2415 1776 2490 statui-

432 2551 514 2599 mus
526 2537 565 2599 et
578 2528 784 2598 ordinamus
796 2527 840 2597 de
853 2523 1026 2598 consensu
1039 2525 1166 2596 decani
1184 2534 1223 2597 et
1236 2527 1385 2619 capituli
1399 2526 1591 2621 supradidli
1608 2531 1704 2621 quod
1718 2553 1775 2602 ec-

431 2635 540 2712 clelia
556 2640 662 2710 beate
680 2637 801 2710 Marie
817 2648 856 2710 ct
873 2638 972 2709 beati
989 2636 1171 2731 Machorij
1191 2634 1321 2709 malit
1338 2635 1489 2712 ecclesia
1505 2649 1543 2712 et
1560 2642 1775 2714 cathedralis

431 2749 653 2844 baptismalis
674 2760 714 2823 et
737 2748 950 2843 parochialis
975 2748 1090 2820 libera
1109 2749 1155 2821 ab
1173 2753 1271 2820 omni
1294 2753 1484 2824 exabtione
1509 2752 1700 2847 temporali
1726 2756 1777 2826 ita

434 2863 604 2935 videlicet
620 2863 718 2955 quod
743 2860 941 2956 principale
967 2860 1081 2933 altare
1106 2857 1357 2955 presbiterium
1374 2865 1503 2936 chorus
1520 2864 1720 2957 capitulum
1738 2877 1776 2937 et

434 2972 653 3047 thesauraria
665 2974 866 3067 campanile
876 2981 915 3044 ct
925 2995 1100 3066 campane
1113 2970 1273 3066 spettent
1291 2976 1327 3045 in
1339 2976 1506 3048 omnibus
1523 2985 1562 3047 et
1579 2998 1644 3069 per
1657 2980 1777 3050 omnia

432 3089 479 3161 ad
509 3087 590 3160 vlirs
623 3081 892 3180 dispositionem
922 3094 962 3156 et
995 3085 1259 3156 ordinationem
1289 3087 1415 3158 decani
1449 3096 1488 3160 et
1522 3091 1776 3160 canonicorum

434 3200 676 3272 communiter
693 3238 702 3257 ·
720 3199 782 3290 qui
808 3197 854 3269 de
880 3196 1049 3267 luminari
1073 3191 1223 3266 honesto
1240 3205 1280 3268 et
1299 3194 1490 3271 sufficienti
1516 3222 1658 3270 necnon
1676 3203 1776 3274 etde

433 3311 656 3384 ornamentis
679 3309 779 3380 libris
803 3307 1002 3400 ceterisque
1027 3303 1226 3401 necessarijs
1252 3309 1419 3380 omnibus
1442 3311 1687 3404 prouidebunt
1704 3351 1713 3370 ·
1731 3313 1776 3384 ad

433 3445 587 3516 quorum
614 3416 911 3492 sustentationem
936 3413 1151 3514 assignamus
1169 3419 1214 3490 de
1232 3417 1403 3492 consensu
1426 3421 1554 3494 decani
1572 3433 1610 3494 et
1627 3423 1775 3518 capituli

434 3557 560 3606 omnes
577 3533 818 3606 obuentiones
834 3531 1036 3604 oblationes
1062 3534 1239 3626 gratuitas
1257 3541 1295 3604 et
1313 3531 1434 3628 legata
1457 3535 1619 3629 gratuita
1634 3535 1681 3606 ad
1698 3558 1777 3630 pre·

434 3645 568 3719 distem
595 3639 782 3718 ecclesiam
805 3653 844 3715 et
868 3643 981 3715 altare
1008 3643 1206 3736 principale
1223 3645 1475 3737 undecumque
1501 3654 1539 3716 et
1563 3668 1630 3739 per
1654 3669 1778 3738 quem·

432 3780 576 3850 cunque
601 3757 883 3850 proueniantia·
906 3753 1027 3826 Saluis
1053 3755 1212 3849 predidto
1238 3756 1375 3828 decano
1403 3757 1617 3828 omnimodis
1643 3757 1777 3829 obuen-

433 3869 593 3942 tionibus
610 3878 649 3940 et
670 3867 750 3961 alijs
775 3865 1020 3938 oblationibus
1046 3874 1084 3937 et
1108 3864 1237 3961 legatis
1254 3891 1277 3939 a
1292 3868 1517 3960 parochianis
1541 3865 1612 3940 suis
1638 3879 1714 3940 tam
1732 3870 1776 3940 de

433 3985 511 4054 iure
529 4003 637 4073 quam
662 3981 709 4050 de
734 3977 996 4051 consuetudine
1020 3979 1160 4051 ratione
1185 3978 1353 4072 parochie
1371 3979 1503 4050 debitis
1521 3979 1651 4071 quibus
1674 3987 1778 4052 extra

433 4093 583 4166 chorum
600 4087 850 4185 presbiterium
867 4090 1067 4182 capitulum
1085 4086 1339 4161 thesaurariam
1362 4112 1427 4183 per
1443 4089 1670 4184 capellanum
1692 4093 1778 4185 ydo-

434 4226 545 4276 neum
575 4211 615 4274 et
644 4201 817 4274 clericum
850 4201 896 4274 ad
930 4199 1076 4292 aliquod
1111 4198 1225 4273 altare
1259 4202 1296 4270 in
1327 4197 1477 4273 ecclesia
1506 4202 1630 4274 diuina
1663 4203 1778 4276 officia

433 4311 652 4386 ministrabit
683 4312 780 4384 boris
809 4311 941 4383 debitis
975 4310 1108 4405 absque
1138 4313 1400 4406 impedimento
1430 4310 1568 4406 seruicij
1599 4314 1697 4386 chori
1732 4316 1777 4386 ud

433 4421 636 4496 huiusmodi
658 4423 874 4516 deputandis
891 4461 900 4480 ·
920 4421 966 4493 ln
988 4425 1092 4494 cuius
1117 4425 1169 4495 rei
1195 4419 1441 4495 testimonium
1469 4422 1623 4518 presenti
1647 4425 1777 4519 scripto

432 4533 590 4632 figillum
604 4530 779 4605 'nostrum
803 4556 875 4605 rna
901 4555 986 4606 cum
1012 4529 1129 4630 sigillo
1156 4533 1305 4628 capituli
1334 4532 1444 4608 nostri
1472 4533 1525 4608 est
1552 4536 1775 4631 appensum.

433 4647 573 4720 Datum
591 4654 629 4717 et
646 4647 770 4718 ascum
785 4643 844 4716 die
860 4654 899 4716 et
916 4667 1012 4718 anno
1029 4643 1236 4740 supradictis
1254 4685 1271 4719 ·,
