4050 5534
438 638 507 707 166
945 622 1255 699 REGIS'I'RUM
1626 624 1779 721 [ancum

438 834 534 905 Item
551 834 590 903 in
607 828 709 903 sexto
727 831 761 903 lc
778 831 868 903 vche
885 830 924 901 in
940 826 1062 899 medio
1079 833 1194 922 agret
1210 835 1338 923 gamat
1353 836 1393 901 et
1410 826 1577 922 vjmidill
1593 825 1779 923 punctio·

488 955 526 1016 et
544 944 578 1037 vj
596 941 718 1038 perllia
735 952 773 1015 et
789 940 914 1015 subtus
931 941 999 1013 hoo
1016 939 1042 1035 ij
1060 939 1146 1011 litill
1162 941 1348 1035 garnatis·

441 1056 537 1129 Item
554 1059 593 1128 in
610 1053 762 1149 septimo
789 1053 824 1127 lc
841 1055 932 1127 voire
953 1054 991 1125 in
1016 1052 1136 1124 medio
1148 1050 1347 1147 anamiling
1362 1053 1398 1146 vj
1414 1050 1533 1123 midill
1556 1050 1717 1146 garnatia
1740 1060 1780 1121 et

489 1170 524 1262 vj
542 1166 664 1263 perllia
681 1206 689 1225 ·
708 1176 747 1239 et
762 1163 887 1239 subtus
903 1166 931 1260 ij
948 1162 1034 1237 litill
1049 1165 1234 1259 garnatia·

441 1279 537 1353 Item
555 1279 659 1375 super
675 1279 710 1351 le
727 1272 894 1374 pondaile
911 1277 935 1371 ij
953 1285 1035 1371 gret
1056 1276 1217 1371 garnatia
1233 1298 1256 1347 a
1272 1286 1354 1372 gret
1369 1274 1510 1371 saphiro
1526 1277 1578 1369 iiij
1595 1274 1682 1349 litill
1701 1296 1781 1369 gar·

491 1392 603 1465 nattis
620 1400 658 1464 et
674 1390 725 1485 iiij
742 1389 828 1463 litill
849 1388 999 1484 saphiris
1017 1428 1026 1446 ·

443 1503 539 1576 Item
556 1526 579 1571 v
596 1504 758 1597 cheopeit
774 1502 943 1599 hyngarie
959 1499 1125 1573 anamilit
1141 1520 1227 1571 cunr
1244 1520 1268 1568 v
1284 1499 1432 1593 perilia-

443 1615 540 1689 ltem
566 1613 672 1711 snper
688 1614 802 1689 altero
819 1613 854 1687 le
872 1614 937 1685 tak
967 1650 975 1669 ·
1000 1614 1039 1683 in
1068 1612 1169 1684 vehis
1191 1610 1370 1706 lapidibus
1394 1623 1434 1686 et
1458 1612 1580 1708 perllia
1599 1614 1639 1684 in
1668 1611 1785 1683 omni·

492 1729 560 1801 bus
585 1724 677 1801 ficut
706 1726 821 1800 altero
849 1725 1012 1819 exceptis
1049 1724 1074 1818 ij
1105 1722 1141 1796 le
1170 1724 1338 1819 hynguria
1358 1766 1366 1785 ·
1385 1734 1425 1798 et
1450 1725 1474 1820 ij
1504 1724 1628 1820 perilia
1649 1726 1689 1796 in
1711 1724 1785 1796 line

493 1838 650 1935 ipsorum
668 1848 754 1914 etc·
1006 1896 1011 1914 .

445 1952 551 2027 Hanc
575 1954 838 2047 reparationem
861 1951 949 2024 fecit
975 1948 1197 2021 reuerendus
1219 1950 1257 2019 in
1274 1945 1418 2021 Chrlsto
1440 1957 1545 2045 pater
1560 1958 1600 2023 et
1615 1949 1784 2021 dominun

493 2064 704 2137 Willclmua
722 2061 793 2137 Dei
811 2072 850 2137 et
867 2058 1062 2157 apostolice
1078 2056 1171 2132 sedia
1186 2061 1305 2155 gratia
1319 2056 1508 2155 episcopua
1524 2053 1785 2132 Abirdonenfis

493 2201 536 2251 ac
566 2180 677 2249 ctiam
704 2177 855 2249 donauit
873 2171 938 2270 ipfi
962 2168 1112 2247 ecclelia
1142 2166 1384 2243 AbIrdonenfi
1412 2194 1522 2245 unam
1550 2170 1708 2245 msulam
1738 2171 1786 2243 de

493 2289 576 2361 albo
593 2288 651 2361 lee
673 2281 854 2361 dammail
861 2309 945 2359 cum
957 2286 1042 2359 alba
1056 2282 1193 2359 amau
1216 2280 1308 2357 stola
1332 2280 1520 2379 manipulo
1538 2293 1577 2357 et
1592 2282 1674 2377 ulija
1688 2304 1787 2357 auno

494 2400 642 2473 Domini
667 2394 856 2471 millefimo
881 2392 1233 2493 quadringentcfimo
1250 2392 1492 2491 oduagefimo
1507 2397 1635 2467 ultano
1651 2389 1786 2467 manlia

494 2535 578 2584 vero
597 2512 823 2606 Septembris
841 2511 900 2583 die
920 2510 1137 2583 duodecimo
1153 2547 1163 2566 ·

446 2844 617 2921 Viiitatio
634 2846 817 2919 Jocalinm
840 2838 990 2918 ecclesie
1007 2839 1269 2917 Abirdonensra
1294 2842 1388 2917 faor
1403 2865 1469 2937 per
1485 2844 1728 2918 venerabilem
1745 2849 1786 2919 in

445 2956 587 3033 Christo
612 2967 754 3054 patrem
784 2955 1016 3029 Willelmum
1046 2952 1289 3051 lllplrinstoun
1321 2954 1526 3051 episcopum
1559 2954 1721 3031 ciusdem
1745 2968 1787 3031 et

444 3095 509 3166 per
532 3071 733 3165 capitulum
757 3070 873 3165 primo
898 3069 957 3141 die
982 3064 1114 3141 mensis
1138 3066 1270 3161 Marcii
1295 3090 1391 3141 anno
1417 3066 1567 3141 Domini
1592 3066 1787 3143 millelimo

445 3180 796 3278 quadringentesimo
817 3176 1047 3277 nonagesimo
1063 3178 1191 3253 sexto·

446 3384 502 3483 In
520 3408 643 3503 primis
660 3406 931 3500 quatuordecim
948 3403 1080 3477 calices
1095 3404 1260 3499 argentei
1276 3412 1316 3476 et
1331 3426 1458 3477 eorum
1469 3406 1596 3479 decem
1620 3407 1785 3481 deaumti

446 3523 492 3594 de
508 3538 659 3615 quorum
677 3540 829 3589 numero
846 3518 1005 3610 quinque
1023 3516 1189 3589 iurantur
1217 3554 1226 3573 ·
1258 3512 1356 3587 Item
1372 3536 1444 3589 vna
1463 3519 1653 3611 potencia
1669 3522 1787 3595 mani·

445 3634 513 3706 bue
530 3632 675 3705 rectoria
692 3629 738 3701 de
755 3628 911 3701 Kinkell
935 3624 1103 3701 restituta
1127 3650 1194 3722 per
1218 3626 1374 3699 eundem
1400 3660 1411 3685 ι
1436 3626 1535 3701 Item
1559 3630 1631 3703 due
1651 3641 1786 3726 patene

446 3752 618 3841 argentee
660 3742 832 3813 deaurato
865 3740 904 3812 in
936 3740 1105 3813 manibus
1137 3738 1276 3812 Thome
1309 3738 1569 3835 Tynnyngame
1601 3744 1786 3836 quondam

446 3853 686 3929 archidiaconi
711 3891 720 3909 ·
747 3850 845 3924 Item
862 3873 973 3923 vnum
999 3852 1212 3925 crucifixum
1236 3860 1450 3947 argenteum
1466 3853 1680 3927 deauratum
1699 3878 1785 3929 cum

446 3990 578 4063 magno
603 3965 696 4061 pede
724 4002 733 4021 ·
761 3962 860 4036 Item
886 3985 957 4035 vna
983 3986 1073 4037 crux
1097 3966 1136 4035 in
1157 3985 1230 4057 qua
1253 3958 1308 4035 cst
1329 3985 1412 4059 para
1435 3963 1525 4061 ligni
1542 3965 1713 4039 dominici
1737 3969 1786 4041 de

448 4087 598 4175 argento
624 4114 633 4132 ·
658 4074 755 4149 Item
790 4096 861 4145 vna
886 4096 974 4145 crux
999 4076 1134 4169 inqua
1162 4071 1217 4147 est
1243 4096 1326 4169 para
1358 4073 1449 4171 ligni
1480 4074 1605 4151 Sancti
1633 4077 1785 4153 Andree

449 4191 588 4287 argenti
619 4188 783 4261 deaurati
802 4226 811 4246 ·
830 4187 1042 4280 deperditur
1070 4186 1209 4283 lignum
1237 4222 1247 4245 ·
1272 4184 1369 4259 Item
1382 4209 1454 4262 vna
1469 4212 1559 4261 cmx
1576 4212 1659 4262 cum
1671 4212 1786 4286 paruo

450 4305 542 4399 pede
556 4312 595 4375 et
612 4300 782 4373 crucifixo
800 4300 845 4371 de
862 4307 1012 4393 argento
1030 4300 1202 4373 deaurato
1218 4319 1302 4372 cum
1325 4311 1482 4392 quatuor
1494 4302 1723 4398 ymagimbus
1737 4305 1785 4379 de

451 4414 603 4488 corrella
621 4464 630 4485 .
648 4411 746 4484 Item
760 4434 830 4485 vna
846 4434 935 4483 crux
953 4411 999 4483 de
1015 4423 1165 4507 argento
1182 4412 1354 4485 deaumto
1371 4434 1456 4485 cum
1472 4415 1589 4487 tribua
1604 4414 1785 4509 lapidibus

451 4528 551 4623 ligno
573 4526 751 4618 coopertis
768 4562 776 4581 ·
795 4520 892 4596 Item
909 4545 980 4597 rna
995 4545 1085 4596 cmx
1102 4524 1148 4596 de
1172 4524 1349 4599 auricalco
1373 4562 1383 4582 ·
1407 4523 1504 4599 Item
1521 4547 1612 4601 vnus
1628 4528 1786 4602 annulus
