4050 5534
242 589 343 684 xva]
707 591 1110 666 ABERDONENSE.
1506 593 1574 658 251

292 790 391 864 Item
407 798 562 885 quatuor
577 814 708 886 eappan
724 813 833 864 rnam
850 788 1005 865 casulam
1022 814 1106 866 oum
1122 794 1248 864 tunica
1267 799 1306 862 et
1322 789 1514 862 dalmatica
1529 812 1577 862 ex

241 901 437 977 holoserico
462 899 659 999 orammofij
677 926 761 977 oum
777 901 858 998 alije
883 906 1050 979 omuibus
1071 903 1357 998 preparamentie
1373 902 1418 974 ad
1435 898 1577 1014 easdem

241 1016 508 1110 pertinentibus
523 1053 532 1072 ·

290 1127 390 1200 Item
406 1138 481 1200 tres
498 1123 645 1200 tell'oras
659 1126 723 1200 seu
739 1126 821 1202 vela
835 1150 919 1200 oum
935 1126 1074 1201 baculis
1098 1127 1397 1201 conuenientibus
1417 1149 1482 1221 pro
1498 1150 1580 1221 pro-
1712 1125 1716 1133 '

242 1236 405 1312 eeffionie
421 1239 675 1314 decoramento
692 1281 701 1300 ·
811 1293 815 1300 -

293 1352 390 1425 Item
407 1362 561 1447 quatuor
578 1352 770 1426 tunicellae
782 1375 848 1448 pro
860 1352 1081 1447 ceroferarijs
1097 1362 1136 1425 et
1152 1352 1399 1446 thuribularijs
1412 1374 1483 1424 vna
1495 1359 1578 1425 oum

244 1466 397 1561 cappula
412 1489 477 1560 pro
493 1467 723 1539 cruciferario
740 1489 786 1537 ex
804 1461 893 1538 hillo
907 1466 1130 1537 mixtnario·

294 1576 390 1650 Item
408 1579 606 1650 tentorium
622 1579 669 1650 ad
685 1578 921 1650 deferendum
937 1574 1043 1671 super
1067 1576 1263 1650 venerabili
1280 1574 1502 1650 sacramento
1533 1601 1578 1648 ex

244 1685 332 1763 billo
349 1687 473 1762 villoso
497 1690 690 1763 iacintino
705 1712 790 1762 oum
814 1689 1033 1784 imaginibus
1057 1689 1204 1783 pisturis
1230 1700 1269 1762 et
1294 1688 1478 1783 scripturis
1495 1713 1580 1762 eon-

244 1803 475 1874 nenientibuo
492 1825 539 1875 ex
555 1825 643 1874 auro
660 1800 783 1874 textili
799 1798 885 1872 satir
900 1799 1061 1895 precioso
1086 1824 1168 1874 oum
1181 1819 1183 1822 ·
1196 1801 1335 1874 baoulis
1351 1811 1390 1873 et
1405 1796 1581 1873 sustenta·

245 1913 336 1988 oulia
352 1914 398 1986 ad
414 1910 616 1987 huiusmodi
632 1914 831 1986 tentorium
848 1913 1136 2006 pertinentibus·

296 2025 393 2098 Item
409 2035 575 2120 preterea
590 2034 745 2119 quatuor
760 2047 893 2120 eappan
912 2048 1020 2097 vnam
1037 2023 1193 2099 casulam
1210 2049 1294 2099 cum
1311 2029 1435 2100 tonioa
1450 2035 1490 2100 et
1506 2026 1582 2099 dal-

246 2140 380 2210 matica
395 2159 442 2210 ex
459 2132 548 2209 hillo
572 2134 695 2208 villoso
719 2137 912 2210 iacinttino
928 2146 967 2210 et
983 2139 1137 2211 totidem
1163 2159 1292 2232 eappan
1318 2135 1473 2211 casulam
1498 2161 1583 2212 oum

247 2249 420 2322 tunicella
436 2260 475 2321 et
492 2248 685 2323 dalmatica
709 2272 755 2322 ex
780 2245 868 2321 biffo
885 2246 1010 2321 villoso
1034 2243 1174 2345 prafino
1189 2245 1253 2322 seu
1269 2247 1374 2322 viridi
1391 2275 1475 2324 oum
1492 2251 1583 2324 albin

246 2363 370 2455 orarije
385 2361 579 2456 manipulis
595 2363 695 2434 nonis
711 2372 751 2433 et
767 2363 897 2434 oeteria
920 2360 1000 2456 aliie
1024 2362 1286 2434 decoramentis
1302 2363 1348 2434 ad
1365 2385 1409 2435 ea
1423 2360 1583 2456 spolitan-

246 2475 345 2547 tibua
363 2529 372 2546 .

294 2587 394 2660 Item
410 2585 496 2661 satia
511 2586 673 2683 amplum
692 2584 897 2660 vestiarium
923 2609 1008 2660 oum
1034 2584 1233 2658 trattatulie
1258 2595 1297 2660 et
1322 2585 1491 2660 olausuris
1519 2613 1584 2683 pro

245 2697 448 2772 huiusmodi
464 2710 759 2773 ornamentorum
784 2697 1059 2772 conseruatione
1075 2735 1084 2756 ·

296 2810 402 2883 Item
418 2834 532 2884 vnum
556 2812 815 2906 antependinm
840 2812 963 2906 magni
988 2810 1112 2884 altaris
1136 2835 1182 2884 ex
1207 2835 1294 2885 auro
1319 2813 1440 2886 textili
1467 2811 1584 2886 vuiride

246 2923 374 2995 ooloriu
391 2946 475 2996 oum
493 2919 653 3020 insignija
670 2930 709 2995 et
724 2925 834 2995 armis
850 2923 938 2995 diui
953 2923 1134 3017 pontilicis
1144 2963 1161 2981 v·

263 3425 658 3502 GANONIOORUM
683 3426 930 3502 cnplrnnl
956 3427 1250 3504 ORDINATIO
1277 3431 1571 3510 PRIMARIA·

300 3707 360 3780 DE
390 3728 553 3782 numo
581 3703 871 3784 antiomenon
903 3731 951 3784 Ac
985 3731 1199 3785 EARUNDEM
1234 3734 1506 3791 msrirussonn
1537 3738 1583 3791 ΕΤ

300 3842 448 3894 ORDINE
471 3841 737 3895 cinnamomo
767 3841 909 3894 Tuum
941 3821 1241 3899 ABERDONENBIS
1267 3847 1341 3900 PER
1365 3849 1587 3903 PONTIFICES

300 3953 342 4004 IN
368 3953 501 4006 Bonan
526 3953 748 4032 immuta
761 3953 1050 4007 INSTITUTABUM
1076 3955 1276 4012 HACTENUS
1299 3960 1549 4014 omnnnnro·

703 4193 708 4200 =
806 4145 1025 4218 Eduardua.

252 4247 460 4352 Eduardue
476 4272 539 4363 qni
551 4269 717 4343 Nettano
733 4265 896 4345 suoceffit
912 4271 1049 4364 primur
1060 4275 1175 4350 fertur
1190 4275 1379 4352 instituiffo
1395 4281 1588 4354 canonicos

251 4382 311 4455 sed
338 4381 383 4454 de
408 4383 604 4456 eorundem
628 4404 780 4456 numero
808 4381 985 4477 qualitate
1013 4393 1052 4456 ot
1078 4389 1256 4486 dignitate
1281 4391 1382 4464 nulla
1407 4391 1588 4488 legittima

251 4492 518 4593 conspiciuntur
534 4493 775 4568 documenta·
