4050 5534
430 661 476 730 92
503 645 506 651 ’
948 645 1254 720 REGISTRUM
1621 647 1773 744 [secum

431 875 497 924 nos
531 851 708 922 decanum
737 844 1037 948 Aberdonensem
1064 857 1102 919 et
1129 849 1299 920 vicarium
1335 845 1541 942 generalem
1566 843 1776 940 suprascrip-

431 975 512 1036 tum
538 987 580 1036 ac
604 963 694 1035 alios
728 962 893 1033 dominos
919 961 1111 1032 canonicos
1144 970 1234 1032 tnnc
1267 959 1451 1054 presentes
1479 955 1709 1032 consideratis
1737 969 1775 1028 et

433 1087 575 1149 mature
597 1069 755 1147 discussis
777 1069 1004 1168 presentibus
1026 1069 1101 1165 ipso
1127 1073 1272 1144 domino
1300 1072 1437 1144 decano
1462 1069 1676 1144 cancellario
1698 1093 1778 1164 pre-

434 1189 615 1262 bendariis
640 1189 686 1259 de
712 1186 914 1258 Murthlaw
940 1183 1025 1256 ctat
1053 1183 1128 1256 Der
1153 1183 1388 1256 Creicbmont
1413 1180 1620 1256 Codilstune
1647 1182 1779 1276 Mony-

331 1335 333 1337 >
435 1299 568 1373 mowsk
595 1309 633 1372 et
658 1325 680 1372 a
704 1322 764 1370 me
788 1297 928 1369 Thoma
953 1295 1078 1368 Ettale
1108 1299 1247 1369 noterio
1271 1298 1417 1391 publico
1445 1295 1617 1390 scriptore
1633 1287 1779 1391 premis·

435 1412 554 1484 sorum
580 1413 747 1484 dominus
771 1409 930 1481 decanus
955 1411 1053 1503 cepit
1078 1405 1359 1482 instrumentum
1388 1451 1397 1467 ·
1427 1409 1523 1482 Item
1558 1409 1685 1480 eodem
1720 1409 1777 1480 die

437 1527 552 1597 dittus
582 1525 749 1596 dominus
777 1522 931 1606 vicarius
964 1521 1143 1616 generalis
1176 1523 1222 1594 ad
1257 1521 1465 1595 instantiam
1492 1523 1577 1594 diui
1606 1521 1779 1594 archidia-

437 1638 519 1709 coni
537 1636 757 1708 sentenciam
774 1629 1009 1728 suspensionis
1035 1633 1146 1706 latam
1164 1636 1199 1706 in
1219 1633 1405 1728 personam
1428 1630 1585 1730 magistri
1602 1632 1778 1705 lobannis

439 1751 542 1821 Roob
565 1761 712 1843 propter
737 1747 991 1820 executionem
1018 1743 1195 1819 dictarum
1220 1746 1424 1820 litterarum
1451 1748 1580 1841 prefati
1607 1747 1779 1819 archidia-

439 1865 520 1935 coni
536 1862 716 1934 relaxauit
733 1861 771 1932 in
788 1856 968 1954 presentia
984 1858 1161 1929 ditiorum
1180 1854 1325 1930 testium
1345 1900 1353 1916 ·

669 2228 677 2249 =
705 2198 1039 2270 Coasrrrnmosas
1065 2194 1275 2266 Wmnnnm
1304 2195 1508 2268 Errsoorr·

440 2423 538 2496 aaa
553 2423 705 2517 septimo
717 2423 775 2492 die
788 2420 880 2492 Maii
894 2443 989 2492 anno
1008 2419 1156 2490 Domini
1170 2417 1360 2491 millesimo
1377 2418 1663 2516 quingentesimo
1681 2420 1781 2493 sexto

441 2539 523 2622 Quo
549 2537 609 2607 die
633 2535 854 2606 reuerendus
879 2535 917 2603 in
943 2529 1084 2604 Christo
1111 2541 1214 2625 pater
1239 2555 1281 2604 ac
1309 2533 1476 2604 dominus
1496 2533 1706 2606 Willelmus
1723 2535 1782 2604 dei

441 2660 480 2721 et
497 2645 689 2742 apostolice
715 2644 806 2717 sedis
831 2647 949 2739 gratia
973 2641 1235 2717 Abirdonenfis
1261 2643 1500 2739 episcopusin
1519 2647 1625 2718 domo
1646 2647 1784 2740 capitu-

442 2761 507 2832 lari
524 2755 674 2832 ecelefie
686 2744 748 2829 sue
760 2756 976 2839 cathedralis
988 2753 1248 2828 Abirdonenfis
1265 2755 1455 2850 presedens
1474 2769 1512 2830 et
1530 2781 1594 2851 pro
1610 2758 1782 2832 tribunali
1825 2749 1830 2758 ’

442 2873 568 2946 sedens
581 2868 739 2944 eiusdem
758 2870 908 2963 capituli
925 2870 1107 2942 canonicis
1125 2870 1259 2940 ibidem
1273 2871 1318 2941 ad
1333 2867 1554 2964 infrascripta
1572 2873 1784 2963 exequenda

443 2985 689 3079 capitulariter
716 2985 944 3077 congregatis
974 2992 1116 3054 matura
1145 2981 1404 3053 deliberatione
1428 2981 1545 3056 trabtu
1574 2978 1720 3054 consilio
1746 2994 1783 3054 et

442 3095 677 3170 auisramento
694 3098 792 3189 prius
817 3096 949 3167 habitis
975 3102 1014 3164 et
1039 3089 1269 3166 consideratis
1294 3090 1525 3188 expressoque
1547 3092 1718 3166 consensu
1745 3107 1783 3166 et

442 3205 576 3282 assensu
594 3211 680 3281 disti
697 3206 846 3301 capituli
865 3216 903 3278 et
920 3206 1175 3278 canonicorum
1194 3203 1352 3278 eiusdem
1371 3247 1379 3264 ·
1398 3201 1635 3280 considerans
1649 3209 1780 3280 variam

339 3343 343 3350 ·
443 3333 481 3393 et
498 3321 667 3394 inutilem
684 3344 726 3392 ac
744 3318 983 3412 multiplicem
1009 3313 1158 3413 lingulis
1175 3318 1280 3390 annis
1307 3318 1574 3391 inuocationem
1599 3316 1782 3412 variosque

443 3433 583 3506 labores
615 3430 845 3504 difficultates
875 3431 1127 3502 contentiones
1156 3441 1194 3502 et
1221 3431 1336 3524 iurgia
1363 3453 1426 3524 per
1454 3432 1567 3503 dittos
1594 3433 1783 3504 canonicos

442 3550 515 3619 iam
543 3547 605 3618 diu
633 3546 726 3617 sada
751 3555 790 3615 et
815 3544 1027 3616 continuata
1053 3543 1098 3614 de
1124 3552 1162 3614 et
1189 3539 1294 3636 super
1319 3539 1567 3616 distributione
1601 3545 1783 3617 facultatis

444 3661 652 3730 eorumdem
679 3658 932 3728 canonicorum
952 3652 1171 3749 cupiensque
1200 3654 1246 3728 ad
1275 3657 1434 3749 predista
1463 3652 1602 3752 lingula
1625 3658 1783 3731 cedenda

444 3781 482 3843 et
499 3771 746 3865 extinguenda
770 3770 809 3838 in
835 3769 999 3839 futurum
1026 3776 1064 3838 et
1089 3767 1134 3839 ad
1160 3767 1325 3839 decorem
1348 3765 1571 3840 honestatem
1589 3771 1783 3841 commodi-

361 3893 368 3904 ‘
442 3895 559 3956 tatem
570 3895 609 3955 et
621 3883 815 3954 vtilitatem
826 3875 975 3952 eoeleste
986 3878 1049 3950 sue
1062 3881 1223 3973 predibte
1233 3903 1297 3975 pro
1308 3903 1396 3973 pace
1407 3883 1530 3973 quiete
1544 3894 1582 3953 et
1595 3882 1783 3954 concordia

443 4000 540 4068 inter
556 3993 699 4069 eosdem
717 3994 909 4066 canonicos
948 4032 956 4049 ·
997 4032 1006 4050 ·
1050 4032 1059 4048 ·
1103 4029 1111 4047 ·
1154 3993 1315 4085 precepit
1333 3994 1598 4086 comparanda·
1618 3993 1688 4064 Pro
1705 4018 1783 4088 pro-

444 4120 572 4201 pertuo
599 4104 725 4179 statuit
749 4115 788 4177 et
816 4105 998 4176 ordinauit
1028 4105 1124 4197 quod
1150 4106 1195 4176 de
1219 4114 1339 4176 cetero
1367 4106 1404 4174 in
1429 4105 1591 4176 futurum
1617 4109 1655 4178 in
1676 4107 1783 4179 choro

444 4218 601 4292 eiusdem
619 4215 768 4290 ecclesie
786 4229 893 4288 erunt
911 4217 1043 4310 viginti
1071 4217 1191 4288 vicarii
1220 4214 1531 4288 conuersationum
1550 4217 1783 4290 laudabilium

443 4343 482 4404 et
498 4354 639 4403 morum
665 4333 702 4401 in
729 4339 839 4402 cantu
858 4328 1081 4424 Gregoriano
1103 4328 1148 4400 ad
1167 4330 1286 4399 minus
1309 4329 1415 4421 periti
1434 4339 1472 4400 et
1491 4330 1584 4400 doai
1613 4333 1784 4402 continue

391 4511 401 4536 ,
442 4442 639 4516 residentes
673 4455 711 4513 et
738 4442 784 4513 ad
811 4437 970 4536 singulas
993 4440 1098 4512 horas
1123 4463 1188 4534 pro
1216 4440 1339 4510 diuino
1374 4437 1524 4511 seruicio
1551 4438 1785 4514 ministrando

443 4560 546 4629 iuxta
562 4557 728 4648 antiquas
753 4566 792 4626 et
818 4553 998 4647 primeuas
1016 4552 1109 4624 ditia
1127 4547 1275 4624 ecclesie
1293 4552 1524 4624 fundationes
1541 4551 1725 4647 presentes
1746 4563 1784 4626 et
