4050 5534
251 657 360 753 xiia]
721 657 1126 731 ABERDONENSE.
1522 669 1589 740 291

249 853 419 951 magister
435 867 472 929 et
486 858 613 930 fratres
629 857 791 953 predicte
804 857 942 950 capelle
955 855 1017 928 sue
1032 859 1068 928 in
1082 869 1298 951 perpetuum
1311 868 1458 952 propter
1470 859 1592 932 causas

249 965 410 1062 superius
426 966 617 1065 assignatas
634 980 672 1042 et
691 972 788 1041 idem
808 971 865 1040 ins
889 971 979 1041 adeo
1006 971 1160 1041 liberum
1179 966 1270 1042 sicut
1287 967 1398 1066 ipsam
1416 972 1592 1065 capellam

249 1078 347 1153 saluo
363 1083 442 1152 inre
459 1083 580 1176 uicarij
607 1083 773 1176 perpetui
791 1081 1004 1174 parochialis
1030 1078 1180 1154 ecclesie
1198 1085 1243 1154 de
1261 1083 1389 1156 Onltre
1407 1085 1591 1155 habebunt

249 1202 289 1264 et
306 1195 485 1265 tenebunt
503 1196 540 1264 in
556 1205 773 1288 perpetuum
789 1234 798 1251 ·
814 1193 1015 1264 Reddendo
1032 1192 1247 1266 monasterio
1262 1196 1421 1288 predico
1440 1197 1484 1267 de
1502 1195 1592 1269 Kel-

248 1305 352 1376 chow
380 1309 568 1378 annuatim
598 1330 664 1399 pro
693 1302 1026 1398 recompensatione
1057 1307 1240 1378 frut'snum
1274 1320 1314 1379 et
1346 1317 1591 1402 prouentnum

248 1441 339 1510 quos
363 1419 461 1490 idem
486 1415 744 1512 monasterium
770 1417 816 1488 de
841 1419 947 1488 terris
973 1418 1143 1510 predistis
1171 1417 1366 1515 Kymcolsy
1393 1417 1591 1515 Estertully

248 1540 288 1602 et
317 1531 364 1602 de
393 1540 545 1623 utraque
572 1529 767 1623 Delibnrry
794 1539 833 1600 et
862 1529 1069 1600 hominibus
1102 1531 1351 1604 habitantibus
1384 1534 1422 1602 in
1457 1531 1590 1605 eisdem

247 1645 395 1714 nomine
430 1644 649 1714 decimarum
688 1653 727 1712 et
762 1642 1026 1712 obuentionum
1064 1644 1249 1735 percipere
1287 1642 1475 1717 consueuit
1510 1648 1590 1718 oco

245 1777 385 1826 marcas
402 1765 441 1826 et
458 1755 641 1825 dimidiam
657 1751 907 1848 sterlingorum
926 1775 1064 1826 annuas
1078 1756 1115 1824 in
1134 1754 1241 1825 domo
1258 1753 1399 1849 Templi
1418 1758 1463 1828 de
1481 1756 1591 1828 Blan-

247 1868 374 1938 trodoc
405 1867 451 1938 ad
480 1863 610 1938 festum
638 1862 749 1938 sanci
773 1865 902 1937 Jacobi
926 1861 1076 1956 apostoli
1103 1863 1295 1938 cuiussibet
1320 1870 1405 1942 anni
1433 1872 1589 1941 termino

247 1980 363 2071 prime
395 1976 581 2050 solutionis
614 1978 813 2070 incipiente
846 1979 884 2048 in
914 1974 1005 2047 festo
1033 1975 1144 2050 santii
1170 1977 1194 2048 J
1197 1979 1300 2050 aeobi
1329 1977 1478 2074 apostoli
1505 1985 1589 2054 anni

248 2091 398 2162 Domini
423 2084 601 2162 millesimi
619 2090 774 2162 cclxxx.
799 2090 918 2160 ouans
937 2129 945 2146 ·
965 2089 1015 2160 Et
1041 2100 1081 2161 vt
1107 2088 1204 2162 dicta
1221 2089 1527 2185 compositiorata
1552 2105 1591 2166 et

247 2203 351 2276 firme
366 2212 406 2274 et
423 2198 627 2276 inconcussa
644 2203 682 2272 in
700 2209 915 2295 perpetuum
941 2211 1152 2294 permanent
1177 2213 1298 2296 partes
1315 2205 1473 2298 preditce
1490 2205 1526 2277 se
1544 2208 1588 2278 ad

247 2312 357 2408 ipsius
398 2309 669 2408 compositionis
702 2313 967 2384 obseruantiam
1004 2324 1081 2386 tani
1121 2315 1323 2387 iuramento
1358 2318 1589 2411 corporaliter

246 2422 395 2518 prestito
412 2450 520 2519 quein
538 2425 703 2519 legitima
718 2421 952 2517 stipulatione
967 2425 1175 2519 obligarunt
1199 2438 1238 2498 et
1254 2427 1508 2501 nichilominus
1525 2453 1589 2524 per

247 2537 515 2632 stipulationem
526 2538 725 2632 legitimam
738 2533 802 2608 sibi
814 2538 970 2608 inuicem
982 2537 1190 2614 alternatim
1201 2537 1340 2610 solnere
1350 2539 1590 2633 promiserunt

246 2648 412 2723 interesse
434 2653 570 2722 totiens
594 2659 720 2722 contra
735 2659 876 2743 partem
895 2649 1025 2720 ditiam
1044 2645 1339 2742 compositionem
1355 2674 1428 2722 non
1447 2649 1588 2725 seruan-

246 2776 323 2835 tem
341 2764 643 2835 committendum
661 2773 699 2834 et
718 2759 820 2858 [per]
836 2769 976 2853 pnrtem
994 2756 1288 2853 compositionem
1308 2760 1420 2855 ipsam
1433 2763 1589 2836 fideliter

246 2873 496 2948 obseruantem
510 2876 729 2969 exigendum
742 2875 911 2966 quotiens
923 2879 1063 2965 partem
1075 2873 1287 2946 alterutram
1302 2885 1427 2948 eontra
1444 2898 1589 2969 compo-

246 2985 411 3060 sitionem
426 2988 620 3081 predittam
638 2989 676 3056 in
695 2987 814 3079 aliquo
828 2986 951 3056 venire
968 2980 1030 3055 sen
1048 2997 1173 3058 contra
1186 3009 1265 3056 eam
1283 3008 1395 3078 praua
1408 2988 1588 3060 machina·

246 3102 348 3172 tione
364 3101 556 3192 quicquam
573 3098 968 3190 attentare-contigerit
986 3137 995 3154 ·
1013 3107 1092 3168 rata
1109 3097 1342 3169 nihilominus
1361 3109 1531 3171 manente
1549 3102 1585 3172 in

245 3213 413 3284 omnibns
430 3206 688 3303 compositione
705 3206 907 3302 supradicta
922 3208 1172 3301 ·Atljicientes
1190 3218 1228 3279 ct
1246 3207 1447 3302 specialiter
1460 3234 1588 3284 conce·

245 3325 374 3396 dentes
391 3324 488 3416 qnod
505 3318 707 3394 huiusmodi
725 3316 892 3392 iuteresse
909 3322 1077 3412 quotiens
1095 3315 1316 3391 commissum
1334 3322 1444 3394 fuerit
1461 3325 1588 3416 probe-

245 3433 398 3520 tursolo
419 3432 643 3507 sacramento
658 3434 898 3526 procuratoris
919 3434 1032 3525 partis
1050 3428 1265 3524 sepedictam
1293 3430 1586 3526 compositionem

245 3545 492 3620 obseruantis·
511 3555 550 3619 et
567 3547 612 3616 ad
630 3548 802 3619 maiorem
816 3545 923 3616 liuius
940 3540 1206 3636 compositionis
1223 3541 1452 3617 securitatem
1467 3557 1587 3640 partes

244 3659 772 3756 prenominaterenunciarunt
788 3659 826 3726 in
843 3657 911 3728 linc
936 3666 1039 3748 parte
1056 3679 1120 3748 pro
1137 3652 1174 3726 se
1191 3665 1229 3728 et
1246 3653 1498 3730 successoribus
1516 3655 1588 3732 suis

244 3776 500 3866 inperpetuum
514 3770 719 3862 exceptioni
744 3769 818 3839 doli
835 3780 874 3839 et
893 3771 931 3839 in
948 3766 1084 3841 fastum
1105 3766 1342 3862 [conditioni]
1371 3793 1416 3840 ex
1444 3769 1524 3865 lege
1550 3781 1588 3844 et

242 3879 439 3955 smecausa
454 3883 513 3954 vel
530 3877 663 3953 iniusta
687 3878 792 3952 cansa
816 3880 993 3952 beneficio
1017 3875 1257 3951 restitutionis
1278 3881 1315 3952 iii
1342 3883 1523 3976 integrum
1550 3893 1587 3955 et

242 4019 421 4070 nonarum
433 3991 728 4066 constitutionum
740 3993 873 4084 litteris
886 3995 997 4064 etiam
1008 3989 1210 4085 apostolicis
1220 3990 1325 4085 super
1338 3993 1440 4064 bonis
1454 3992 1587 4066 aliena·

241 4111 291 4182 tis
301 4120 341 4180 et
354 4106 526 4180 distractis
543 4128 686 4177 necnon
698 4106 827 4198 gracijs
840 4104 1079 4198 indulgencijs
1090 4113 1128 4174 et
1143 4101 1339 4199 priiiilegijs
1352 4114 1478 4178 contra
1491 4128 1587 4178 coin·

241 4216 457 4317 politionem
468 4215 671 4312 presentem
685 4218 732 4288 ab
744 4217 869 4288 eadem
884 4213 967 4287 sede
983 4215 1143 4307 optentis
1157 4228 1195 4285 et
1213 4215 1418 4307 optinendis
1431 4240 1473 4288 ac
1490 4221 1587 4290 omni

241 4334 375 4406 actioni
394 4341 432 4402 et
456 4329 662 4423 exceptioni
686 4326 935 4400 consuetudini
951 4337 990 4399 ct
1008 4323 1143 4398 statuto
1161 4349 1301 4397 necnon
1328 4329 1425 4398 omni
1443 4329 1590 4404 cauilla-

241 4446 337 4518 tioni
363 4453 403 4514 et
425 4441 690 4536 impugnationi
715 4441 951 4512 ac‘omnibus
975 4437 1119 4530 auxilijs
1145 4446 1182 4510 et
1208 4439 1375 4531 remedijs
1400 4449 1476 4512 tani
1502 4444 1588 4516 iuris

240 4574 353 4650 qnam
369 4555 455 4628 saei
473 4553 603 4646 quibus
615 4552 713 4624 uiua
725 4548 935 4646 compositio
948 4552 1078 4624 eteius
1096 4549 1243 4626 effecius
1260 4546 1399 4644 possent
1416 4555 1588 4630 infirmari
