4050 5534
415 665 489 737 264
933 657 1242 736 REGISTRUM
1596 663 1773 760 [saeuas

416 864 552 934 suerint
569 863 740 956 quamdiu
754 860 804 933 ibi
821 858 905 932 sunt
917 860 1100 932 inseruisti
1114 857 1293 936 sententie
1306 861 1550 957 appellatione
1562 859 1753 959 postposita

417 971 625 1069 supponatis
649 1013 659 1030 ·
685 973 824 1046 Datum
853 971 1026 1046 Laterani
1046 995 1096 1046 xv
1122 971 1307 1047 Kalendae
1333 973 1496 1069 Januarij
1525 977 1752 1069 pontificatus

418 1082 528 1158 nostri
546 1110 641 1158 anno
654 1096 783 1181 quarto
800 1123 809 1141 ·

417 1419 623 1496 Commiffio
636 1426 830 1518 impetrata
840 1446 905 1518 per
915 1425 1102 1496 dominum
1115 1421 1321 1518 episcopum
1335 1423 1458 1498 sanes
1472 1423 1621 1498 Andree
1632 1437 1754 1497 contra

419 1533 644 1610 destruentes
661 1533 852 1632 hospitalia
874 1547 938 1609 aut
963 1536 1003 1608 in
1027 1535 1136 1608 aliam
1153 1545 1320 1608 naturam
1338 1546 1593 1609 connectentes
1618 1547 1657 1610 et
1680 1536 1755 1632 spe-

419 1648 560 1722 cialiter
584 1650 631 1722 ad
655 1650 924 1722 reformandum
948 1645 1126 1743 hospitale
1151 1643 1226 1721 fiae
1242 1647 1380 1743 Kildey
1396 1650 1441 1722 de
1460 1647 1700 1745 Mouymnske
1717 1660 1754 1722 et

287 1775 293 1790 ·
418 1757 597 1855 processus
612 1759 719 1857 super
735 1763 890 1835 eodem·

419 1967 553 2062 Adam
571 1989 616 2061 de
634 1986 774 2060 Menos
800 1985 1011 2059 Willelmus
1028 1987 1075 2058 de
1096 1984 1288 2082 Dryburch
1311 1985 1498 2086 [abbates]
1519 1997 1558 2060 et
1575 1987 1753 2062 Robertus

418 2103 690 2177 archidiaconus
707 2095 937 2195 Glasgnenfls
954 2098 1123 2172 omnibus
1139 2099 1204 2172 has
1221 2099 1345 2172 literas
1362 2097 1488 2171 visuris
1505 2099 1565 2172 vel
1582 2101 1755 2174 audituris

418 2227 582 2290 eternam
596 2215 635 2284 in
646 2210 804 2285 Domino
815 2210 968 2284 salntem
985 2252 994 2269 ·
1014 2210 1157 2284 Literos
1167 2211 1304 2284 domini
1315 2211 1415 2306 Papa
1433 2210 1640 2306 Innocencij
1655 2217 1753 2309 tercij

418 2332 457 2401 in
473 2329 542 2400 hec
560 2327 670 2399 verba
685 2322 905 2420 suscepimus
924 2365 932 2382 ·
951 2323 1192 2396 Innocencius
1217 2322 1403 2419 episcopus
1426 2321 1549 2397 seruus
1573 2321 1755 2398 seruorum

420 2440 492 2530 Dei
526 2439 667 2511 dilettis
695 2437 780 2532 filijs
810 2437 856 2508 de
889 2435 1031 2509 Mclros
1064 2447 1104 2509 et
1135 2436 1181 2508 de
1210 2435 1391 2509 Driburch
1427 2436 1618 2510 abbatibus
1647 2437 1754 2510 saneti

419 2552 568 2624 Andree
582 2560 621 2623 et
632 2545 863 2645 Glasgnenfis
876 2547 1058 2622 dioceseos
1072 2559 1110 2621 et
1123 2549 1374 2622 archidiacono
1386 2546 1595 2644 Glasguensr
1612 2588 1621 2607 ·
1635 2549 1756 2624 Veno-

419 2665 542 2738 rabilis
551 2665 673 2736 fratris
690 2660 802 2735 nostri
812 2660 922 2735 sandi
933 2660 1084 2734 Andree
1095 2657 1250 2756 episcopi
1264 2659 1483 2756 suscepimus
1496 2663 1756 2756 querimoniam

419 2779 515 2874 quod
549 2775 664 2849 kildei
701 2776 848 2868 quidam
882 2777 944 2869 qui
978 2773 1015 2846 se
1049 2775 1240 2847 canonicos
1274 2780 1407 2868 gerunt
1441 2782 1480 2844 et
1513 2774 1659 2866 quidam
1697 2774 1755 2868 alij

419 2884 688 2965 Abcrdonenfis
713 2884 892 2960 dioceseos
917 2889 1011 2960 iufra
1038 2886 1162 2960 villam
1187 2885 1232 2958 de
1259 2881 1492 2957 Monimuske
1514 2888 1756 2980 pertinentem

420 2999 599 3098 adipsum
625 3000 805 3093 quandam
828 3001 1018 3072 canoniam
1043 2998 1245 3095 regularem
1272 2997 1400 3070 eodem
1426 2999 1609 3071 renitente
1633 3009 1757 3072 contra

413 3114 593 3214 justitiam
610 3108 815 3184 construere
832 3135 906 3184 non
936 3112 1132 3184 formidant
1149 3111 1187 3182 in
1204 3107 1353 3184 cocleae
1378 3107 1440 3182 sue
1465 3111 1702 3205 preiudieium
1720 3123 1756 3183 et

419 3248 615 3325 grauamen
633 3223 848 3310 ·.Qnocirca
865 3221 1069 3298 discretioni
1087 3219 1204 3296 vestre
1220 3246 1285 3318 per
1302 3218 1496 3316 apostolica
1511 3220 1643 3316 scripta
1659 3247 1757 3297 man-

420 3344 546 3414 damns
564 3348 743 3431 qnatenus
760 3338 922 3431 partibus
939 3337 1148 3410 conuocatis
1165 3345 1203 3407 et
1220 3335 1353 3408 auditis
1369 3333 1454 3406 hinc
1471 3335 1557 3406 iude
1570 3332 1757 3431 propofitis

420 3453 518 3548 quod
543 3450 758 3523 canonicum
776 3449 887 3521 fuerit
903 3448 1148 3545 appellatione
1173 3442 1370 3542 postposita
1393 3443 1559 3519 statuatis
1584 3448 1756 3523 facientes

420 3563 516 3659 quod
545 3560 744 3633 statueritis
768 3584 834 3655 per
858 3561 1045 3634 censuram
1071 3556 1347 3634 ecclefiasticam
1377 3558 1530 3631 firmiter
1554 3557 1756 3634 obseruari·

419 3673 529 3750 testes
554 3696 639 3745 vero
665 3673 726 3766 qui
752 3673 888 3745 suerint
901 3675 1053 3746 vocandi
1078 3670 1106 3746 fi
1131 3669 1168 3746 se
1193 3674 1314 3769 gracia
1338 3673 1420 3744 odio
1446 3670 1505 3745 vel
1525 3675 1656 3746 timore
1678 3672 1757 3748 snb-

418 3787 598 3861 traxerint
620 3807 686 3878 per
714 3781 974 3857 distridtionem
1004 3787 1158 3859 candem
1183 3785 1427 3880 appellatione
1452 3795 1594 3859 remota
1622 3792 1757 3884 cogatis

419 3899 566 3972 veritati
595 3893 844 3968 testimonium
878 3898 1068 3992 perhibere
1101 3897 1211 3970 nullis
1240 3896 1356 3970 literis
1386 3899 1531 3971 veritati
1556 3908 1597 3971 et
1620 3897 1757 3974 iusticie

417 4009 726 4108 preindicautibus
746 4033 768 4080 a
792 4008 875 4083 sede
895 4008 1090 4104 apostolica
1111 4011 1314 4104 impetratis
1332 4049 1340 4066 ·
1359 4008 1456 4102 qnod
1479 4005 1506 4080 s1
1534 4033 1608 4082 non
1633 4036 1758 4087 omnes
1792 4091 1796 4100 ,

416 4127 486 4220 hijs
513 4121 735 4216 exequendis
758 4125 951 4216 potueritis
977 4118 1144 4196 interesse
1170 4122 1242 4194 duo
1271 4118 1498 4194 vestrumea
1524 4122 1757 4198 nihilominus

417 4243 679 4330 exequantur·
711 4232 851 4307 Datum
886 4234 1059 4309 Laterani
1093 4235 1233 4306 decimo
1270 4230 1458 4305 Kalendas
1487 4232 1625 4328 Aprilis
1663 4261 1757 4310 anno

415 4349 648 4446 pontificatus
690 4343 801 4419 nostri
834 4367 924 4420 xm.
967 4347 1110 4420 Harum
1152 4347 1367 4418 austeritate
1403 4346 1565 4439 partibus
1607 4349 1645 4420 in
1679 4375 1757 4444 pre-

417 4459 536 4533 sencia
569 4454 690 4529 nostra
724 4457 930 4532 constitutis
963 4463 1018 4532 ita
1050 4463 1147 4532 inter
1174 4453 1370 4530 'dominum
1404 4455 1635 4532 Willelmum
1669 4463 1758 4557 epis-

415 4593 546 4668 copum
565 4569 689 4642 Sentii
707 4569 857 4643 Andree
883 4582 922 4645 et
947 4571 1088 4644 kildeos
1116 4571 1161 4643 de
1188 4567 1420 4643 Monimuslre
1445 4567 1618 4644 consensu
1644 4577 1756 4648 archi·
