4050 5534
399 649 444 718 60
918 635 1228 710 REGISTRUM
1595 637 1747 732 [suenni

399 843 498 914 ducti
516 850 554 912 et
571 839 700 912 affedtu
726 839 765 908 in
789 837 847 909 dei
864 836 1040 908 honorem
1066 833 1262 926 matrisque
1287 831 1350 906 sue
1374 831 1564 908 beneditio
1581 836 1748 927 dioteqne

400 955 535 1026 fabrice
553 951 867 1024 continuationem
884 959 923 1019 et
941 945 1101 1018 eiusdem
1119 948 1240 1039 potius
1257 943 1521 1041 suppletionem
1540 947 1749 1020 affectantes

401 1075 442 1137 vt
476 1072 652 1136 tenentur
674 1063 719 1132 ad
749 1056 858 1154 ipsius
884 1061 1019 1132 fabrice
1049 1055 1347 1131 sustentationem
1374 1061 1681 1132 continuationem
1710 1069 1749 1132 et

402 1177 660 1269 perfettionem
678 1175 725 1244 de
750 1173 854 1244 bonis
872 1169 942 1242 suis
959 1171 1112 1265 propriis
1130 1179 1230 1242 certo
1254 1180 1293 1242 et
1319 1171 1484 1242 ordinato
1500 1173 1608 1243 modo
1626 1171 1750 1244 leuan-

404 1290 467 1360 das
484 1285 672 1382 sexaginta
698 1285 807 1356 libras
824 1280 1077 1377 sterlingorum
1102 1279 1272 1378 magistro
1289 1285 1406 1376 operis
1431 1284 1526 1354 diste
1552 1284 1686 1356 fabrice
1703 1285 1749 1356 sd

404 1402 495 1471 duos
524 1399 610 1470 anni
640 1398 816 1468 terminos
845 1396 891 1466 ad
916 1393 1048 1466 festum
1076 1395 1245 1466 videlicet
1271 1391 1488 1487 pentecostis
1513 1395 1749 1466 medietatem

404 1513 585 1602 aliamque
611 1509 849 1580 medietatem
879 1508 925 1578 ad
959 1504 1090 1577 festum
1125 1505 1384 1600 purificationis
1409 1509 1573 1600 proxime
1597 1506 1750 1600 sequens

404 1621 643 1717 promiserunt
670 1618 827 1689 sideliter
852 1627 891 1689 et
920 1619 1036 1688 eciam
1069 1613 1289 1712 assignarunt
1318 1619 1364 1688 ad
1392 1621 1588 1690 terminum
1623 1619 1749 1690 decem

405 1756 581 1805 annornm
607 1756 629 1802 a
653 1743 818 1825 tempore
852 1731 937 1802 date
971 1728 1146 1822 presentis
1180 1731 1390 1802 immediate
1420 1729 1649 1824 sequentium
1683 1734 1750 1804 hoo

405 1857 528 1918 tamen
546 1844 709 1915 adhibito
733 1843 979 1913 moderamine
1003 1843 1098 1934 quod
1125 1865 1216 1936 opus
1241 1841 1337 1914 diste
1363 1842 1496 1915 fabrice
1522 1844 1645 1916 debite
1670 1869 1751 1938 pro-

405 1958 511 2029 cedat
529 1966 567 2027 et
584 1953 782 2028 secundum
806 1949 1069 2026 concessionem
1088 1957 1173 2027 disti
1194 1955 1330 2025 domini
1357 1953 1511 2048 episcopi
1538 1965 1576 2026 et
1601 1952 1751 2050 assigna·

405 2071 543 2140 tionem
578 2068 755 2160 predistas
781 2067 1017 2137 continuetur
1051 2091 1134 2139 cum
1161 2066 1290 2138 effeou
1320 2105 1328 2124 ·
1359 2089 1423 2160 pro
1449 2067 1579 2158 quibus
1604 2070 1749 2160 quidem

405 2181 592 2275 sexaginta
621 2178 723 2250 libris
759 2179 893 2249 fabrice
926 2179 1087 2269 predidte
1121 2177 1367 2271 persoluendis
1404 2179 1574 2251 Decanus
1599 2180 1750 2252 Cancel-

405 2293 515 2363 larius
541 2301 580 2362 et
604 2290 806 2383 capitulum
832 2286 981 2360 ecclesie
1007 2285 1275 2361 Abcrdoneusis
1300 2300 1500 2363 memorate
1524 2288 1561 2362 se
1587 2292 1750 2386 obligant

405 2415 444 2474 ct
462 2403 719 2497 obligabantur
735 2425 778 2473 ac
795 2401 957 2493 plenarie
974 2400 1242 2495 respondebunt
1259 2439 1267 2457 ·
1287 2411 1325 2472 et
1343 2403 1379 2470 in
1398 2400 1478 2472 casu
1501 2404 1595 2494 quod
1614 2401 1705 2476 absit
1723 2403 1750 2474 si

405 2517 593 2608 contingat
612 2513 812 2607 predictum
831 2513 1016 2584 domiuum
1036 2513 1240 2606 episcopum
1258 2515 1349 2584 citra
1365 2517 1560 2585 terminum
1575 2517 1750 2587 ditiorum

406 2631 531 2698 decom
558 2648 734 2696 annorum
760 2625 970 2694 humanitus
996 2625 1170 2696 decedere
1195 2622 1339 2718 presens
1365 2622 1544 2719 promissio
1561 2625 1622 2697 seu
1640 2629 1749 2698 etiam

405 2735 596 2832 assignacio
621 2760 686 2829 per
711 2737 825 2807 distes
850 2737 1028 2807 decanum
1046 2745 1084 2808 et
1102 2735 1302 2828 capitulum
1327 2737 1420 2808 fatte
1446 2746 1484 2808 et
1510 2735 1682 2832 assignate
1708 2763 1751 2809 eo

405 2849 480 2943 ipso
498 2857 716 2920 reuocentur
733 2858 771 2918 et
788 2870 852 2940 pro
870 2848 980 2919 nullis
997 2870 1044 2919 ex
1061 2859 1151 2920 tunc
1169 2849 1315 2918 omnino
1333 2849 1534 2921 habeantur
1552 2891 1560 2908 ·

404 2963 501 3034 Item
520 2963 725 3033 ordinatum
749 2957 803 3031 est
828 2969 866 3032 et
892 2982 957 3053 per
982 2959 1183 3052 predictum
1202 2960 1387 3030 dominum
1414 2959 1620 3055 episcopum
1637 2964 1750 3036 fideli-

405 3087 463 3145 ter
496 3069 702 3166 promissum
741 3073 837 3165 quod
871 3095 894 3143 a
923 3072 983 3143 die
1017 3071 1249 3142 confesionis
1291 3070 1511 3165 presentium
1554 3097 1679 3147 omnes
1714 3088 1751 3148 et

406 3186 546 3280 singule
580 3182 730 3256 ecclesie
763 3186 809 3254 de
843 3206 1037 3255 communa
1070 3183 1220 3276 capituli
1257 3184 1416 3276 prediste
1452 3182 1601 3257 ecclesie
1636 3188 1753 3259 Aber-

407 3293 574 3368 doiiensis
599 3295 712 3366 libere
746 3297 869 3388 quiete
904 3307 943 3366 et
976 3291 1053 3366 sine
1082 3295 1364 3366 contmdistione
1398 3319 1612 3390 quacunque
1646 3297 1753 3393 ipsius

407 3411 543 3480 domini
573 3407 727 3500 episcopi
760 3402 1030 3478 Aberdonensis
1056 3417 1119 3478 ant
1145 3403 1389 3500 cuiuscunque
1414 3411 1561 3480 nomine
1594 3409 1657 3482 suo
1683 3435 1753 3484 ina

407 3545 490 3592 cum
519 3519 693 3591 frustibns
722 3519 925 3590 redditibus
959 3518 1098 3589 iuribus
1125 3527 1163 3588 et
1191 3520 1472 3591 obuentionibus
1506 3519 1577 3592 suis
1611 3526 1753 3594 vniuer·

407 3631 453 3704 sis
470 3634 515 3704 ad
533 3630 634 3701 vsnm
661 3631 924 3701 ordinationem
949 3638 988 3700 et
1005 3627 1270 3722 dispositionem
1298 3632 1425 3702 decani
1443 3641 1481 3702 et
1499 3635 1648 3726 capituli
1675 3658 1753 3728 pre·

407 3747 584 3817 ditiorum
614 3743 738 3834 quiete
764 3741 964 3849 reddantur
996 3750 1035 3812 et
1066 3745 1213 3813 omnino
1238 3752 1451 3815 remaneant
1477 3744 1590 3816 libere
1624 3758 1663 3819 et
1692 3772 1755 3818 ex·

407 3859 531 3952 pedite
566 3849 892 3925 nonobstantibus
928 3853 1232 3925 conuentionibus
1268 3851 1551 3928 concessionibus
1582 3856 1753 3953 composi-

406 3970 566 4041 tionibus
583 3976 648 4036 ant
672 3966 769 4034 inter
785 3965 964 4056 predittos
981 3964 1168 4034 dominum
1186 3963 1391 4058 episcopum
1410 3967 1468 4038 vel
1494 3968 1754 4060 predecessores

407 4080 488 4151 suos
513 4076 574 4149 seu
593 4073 748 4170 ipsorum
767 4075 926 4168 aliquem
944 4076 1187 4148 contractibus
1206 4076 1477 4170 quibuscunque
1503 4080 1605 4152 fastis
1622 4082 1755 4154 habitis

405 4192 579 4263 haetenus
596 4187 654 4258 vel
672 4183 844 4258 concessis
858 4226 866 4244 ·
882 4209 954 4279 que
971 4189 1092 4258 omnia
1109 4197 1147 4258 et
1166 4183 1305 4282 singula
1318 4213 1389 4261 vna
1406 4212 1488 4261 cnm
1506 4187 1754 4266 instrumentis

406 4301 603 4392 euideneijs
630 4298 691 4370 seu
721 4297 959 4368 munimentis
986 4296 1261 4391 quibuscunque
1296 4301 1375 4371 loco
1404 4298 1466 4372 seu
1496 4312 1660 4397 tempore
1690 4317 1753 4378 aut

404 4415 500 4506 apud
518 4432 772 4504 quemcunque
798 4417 940 4501 reperta
957 4409 1095 4481 suerint
1118 4412 1342 4503 temporibus
1359 4413 1395 4482 in
1415 4413 1546 4484 suturis
1563 4438 1627 4508 pro
1645 4417 1754 4490 nullis

405 4522 507 4597 cassis
524 4523 647 4594 vacuis
664 4532 703 4592 et
720 4521 889 4592 inanibus
901 4520 1037 4591 nullius
1051 4545 1122 4614 que
1136 4521 1266 4595 valoris
1284 4525 1321 4595 in
1340 4537 1554 4618 perpetuum
1575 4539 1638 4598 aut
1649 4552 1755 4623 repn-
