4050 5534
440 649 511 715 214
956 639 1264 715 REGISTRUM
1427 654 1435 670 '
1619 644 1773 739 [uncum

700 954 1002 1031 Arurornnrn
1021 952 1490 1027 uass1slunuruuuara
1509 999 1518 1013 ·

494 1180 623 1277 [Nono
640 1180 665 1252 J
667 1182 741 1275 unij
761 1220 769 1239 ·
789 1179 833 1250 In
852 1180 910 1251 die
927 1176 1039 1255 sanai
1052 1178 1231 1252 Columbo
1247 1180 1490 1253 celebrabitur
1501 1179 1779 1253 anniuersarium

378 1324 380 1327 >
442 1318 506 1388 pro
523 1296 643 1366 anima
660 1293 840 1387 quondam
857 1292 1046 1367 reuerendi
1070 1294 1182 1386 patris
1199 1292 1341 1365 Gauini·
1354 1288 1614 1365 Abirdonenfis
1629 1291 1781 1387 episcopi

441 1406 575 1479 soluen'
591 1428 657 1501 per
672 1407 822 1479 vicarios
839 1405 937 1477 chori
954 1399 1103 1477 ecclesie
1119 1403 1336 1477 cathedralis
1351 1402 1613 1477 Abirdonenfis
1628 1428 1779 1479 unacum

442 1514 542 1590 milla
564 1520 773 1611 quotidiana
797 1540 862 1613 per
886 1516 1029 1589 eosdem
1054 1515 1270 1589 celebranda
1293 1540 1359 1611 pro
1383 1516 1611 1590 edificatione
1636 1528 1675 1590 et
1699 1542 1780 1591 con·

442 1628 634 1703 strudione
651 1625 873 1703 mansionum
891 1629 1033 1703 suarum
1051 1630 1192 1724 magnis
1203 1628 1290 1701 didi
1301 1629 1490 1701 reuerendi
1507 1632 1619 1725 patris
1635 1628 1781 1725 sumpti·

442 1744 509 1816 bus
526 1746 631 1815 iuxta
643 1753 808 1815 naturam
822 1742 1044 1815 fundationis
1056 1738 1207 1833 desuper
1216 1740 1309 1813 fatte
1322 1764 1387 1835 per
1399 1752 1612 1815 executores
1624 1741 1779 1816 eiusdem

443 1856 576 1928 Gauini
594 1894 602 1912 ·
622 1856 683 1948 qui
701 1856 790 1949 obijt
805 1864 845 1926 vt
862 1851 967 1950 supra
982 1876 1078 1925 anno
1095 1853 1155 1925 die
1171 1851 1295 1925 mense
1312 1852 1475 1949 utsupra
1490 1856 1619 1927 eodem
1636 1855 1728 1929 libro
1743 1859 1780 1927 iu

444 1968 581 2040 Martio
598 1964 626 2061 ·]

488 2189 674 2287 Vigesuno
703 2189 857 2264 secundo
880 2187 982 2286 Junij
1001 2188 1285 2263 anniuersarium
1310 2213 1376 2284 pro
1408 2191 1598 2263 animabus
1620 2190 1781 2288 magistri

442 2304 610 2377 Duncani
628 2302 769 2375 Bumet
786 2314 825 2376 et
840 2312 1034 2397 parentum
1058 2304 1136 2375 eius
1153 2300 1256 2401 xxiiij
1275 2304 1306 2375 s·
1337 2312 1375 2375 et
1391 2326 1458 2398 pro
1482 2306 1595 2377 cereis
1611 2316 1651 2378 et
1667 2306 1783 2399 pulsa·

442 2421 541 2489 tione
555 2438 810 2511 campanarum
822 2413 899 2513 xxij
915 2412 950 2487 d.
969 2416 1015 2488 de
1026 2410 1209 2487 mansione
1223 2416 1269 2488 de
1280 2414 1476 2511 Meythlak
1490 2418 1583 2490 infra
1594 2422 1782 2493 canoniam

441 2527 730 2601 Abirdonensem
744 2568 752 2585 ·

494 2748 697 2851 [Vicesrmo
723 2755 850 2847 quinto
875 2753 934 2824 dle
957 2747 1091 2825 menfis
1106 2750 1209 2845 Junij
1234 2753 1273 2823 in
1298 2750 1390 2825 sesto
1413 2750 1527 2825 santii
1553 2753 1694 2828 Moloci
1718 2755 1781 2829 liat

442 2865 591 2964 lingulis
602 2868 704 2939 aunis
717 2868 754 2939 in
769 2861 916 2941 ecclelia
929 2864 1128 2937 cathedrali
1141 2863 1390 2937 Aberdonenii
1400 2868 1699 2939 commemoraris
1709 2863 1783 2939 siue

441 2978 723 3053 anniuersarium
733 3002 815 3053 cum
829 2973 930 3050 milla
941 2976 1080 3049 solenni
1091 2979 1150 3050 die
1160 2975 1325 3070 sequenti
1335 2978 1381 3049 ad
1392 3001 1563 3073 magnum
1573 2978 1690 3051 altare
1699 3003 1783 3052 curn

442 3088 541 3166 missa
557 3096 698 3188 priuato
714 3116 736 3165 a
752 3092 916 3186 quolibet
932 3091 1066 3162 vicario
1083 3090 1182 3163 chori
1208 3089 1337 3162 eodem
1354 3090 1413 3162 die
1435 3113 1501 3185 pro
1524 3092 1670 3163 domino
1688 3091 1784 3164 Wil-

442 3207 551 3279 lelmo
560 3201 799 3299 Elphinstoun
809 3202 948 3276 redicre
959 3204 1005 3275 de
1015 3200 1117 3274 Clatt
1126 3224 1192 3295 pro
1202 3209 1283 3274 toto
1292 3210 1457 3295 tempore
1466 3204 1541 3274 vite
1551 3203 1637 3275 didi
1647 3204 1782 3277 domini

444 3318 625 3391 Willelmi
651 3313 757 3415 [Post
785 3318 887 3410 cujus
917 3310 1077 3407 obitum]
1110 3315 1246 3385 ditium
1269 3312 1549 3387 anniuersarium
1575 3338 1660 3387 cum
1683 3312 1783 3389 milla

441 3432 579 3505 solenni
598 3442 636 3503 et
653 3430 732 3524 alijs
749 3430 899 3523 priuatis
915 3422 1027 3499 millis
1042 3428 1270 3521 pervicacius
1284 3426 1384 3500 chori
1400 3422 1550 3499 ecclesie
1567 3428 1783 3501 cathedralis

442 3538 702 3617 Abirdonenfis
728 3544 790 3636 qui
812 3565 877 3636 pro
902 3550 1068 3634 tempore
1092 3540 1229 3612 fuerint
1257 3537 1443 3634 presentes
1473 3541 1543 3611 erit
1572 3540 1631 3612 die
1660 3541 1782 3613 obitus

443 3658 631 3729 memorati
649 3655 785 3728 domini
803 3652 985 3725 Willelmi
1003 3692 1011 3711 ·
1030 3653 1093 3745 qui
1110 3649 1231 3748 vicarij
1259 3652 1414 3723 orabunt
1431 3674 1496 3745 pro
1514 3650 1611 3725 niso
1636 3653 1782 3724 domino

445 3767 635 3841 Willelmo
659 3776 764 3861 patre
781 3775 818 3838 et
836 3775 952 3838 matre
976 3762 1135 3837 eiusdem
1158 3786 1222 3857 pro
1245 3764 1446 3835 renouando
1463 3760 1662 3839 inChristo
1679 3775 1783 3859 patre

443 3884 589 3953 domino
620 3877 811 3952 Willelmo
840 3899 958 3972 nuper
984 3876 1148 3973 episcopo
1177 3869 1420 3948 Abirdonenll
1445 3885 1485 3948 et
1507 3898 1573 3971 pro
1595 3876 1784 3949 animabus

443 3996 605 4067 omnium
638 3990 800 4064 fidelium
836 3990 1089 4061 defundorum
1122 3997 1161 4060 et
1194 4011 1259 4082 pro
1294 3988 1392 4059 diuo
1422 3986 1664 4061 anniuersario
1696 3988 1784 4062 dicti

443 4104 564 4202 vicarij
584 4104 784 4200 percipient
800 4102 987 4175 annuatim
1012 4098 1188 4172 summam
1214 4098 1390 4172 tredecim
1419 4096 1612 4171 solidorum
1637 4110 1676 4172 et
1697 4125 1786 4193 qua-

444 4229 527 4291 tuor
555 4218 781 4291 denariorum
815 4214 860 4286 de
894 4209 1105 4307 quibusdam
1130 4212 1245 4285 crosto
1270 4220 1350 4283 orto
1375 4222 1414 4283 et
1436 4213 1549 4283 urreis
1581 4214 1786 4287 iacentibus

442 4354 552 4425 prope
576 4331 686 4401 finem
711 4328 833 4422 oppidi
850 4326 896 4396 de
913 4323 1100 4397 Abirdeue
1116 4334 1157 4395 vt
1173 4322 1315 4418 plenius
1339 4323 1377 4395 in
1401 4332 1501 4397 carta
1525 4325 1628 4398 ditiis
1644 4328 1787 4420 vicarijs

443 4468 507 4538 pcr
523 4442 637 4535 ipsum
656 4442 840 4513 dominum
860 4436 1093 4509 Willelmum
1110 4436 1274 4509 confessa
1289 4437 1500 4509 continetur
1515 4433 1546 4530 ·]
