<?xml version="1.0" encoding="UTF-8"?>
<!DOCTYPE html PUBLIC "-//W3C//DTD XHTML 1.0 Transitional//EN"
    "http://www.w3.org/TR/xhtml1/DTD/xhtml1-transitional.dtd">
<html xmlns="http://www.w3.org/1999/xhtml" xml:lang="en" lang="en">
 <head>
  <title>
</title>
<meta http-equiv="Content-Type" content="text/html;charset=utf-8" />
  <meta name='ocr-system' content='tesseract 3.04.00' />
  <meta name='ocr-capabilities' content='ocr_page ocr_carea ocr_par ocr_line ocrx_word'/>
</head>
<body>
  <div class='ocr_page' id='page_1' title='image "./registrumepisco02innegoog_0072.png"; bbox 0 0 4050 5534; ppageno 0'>
   <div class='ocr_carea' id='block_1_1' title="bbox 463 621 1797 720">
    <p class='ocr_par' dir='ltr' id='par_1_1' title="bbox 463 621 1797 720">
     <span class='ocr_line' id='line_1_1' title="bbox 463 621 1797 720; baseline -0.001 -22"><span class='ocrx_word' id='word_1_1' title='bbox 463 631 507 700; x_wconf 84' lang='lat'>16</span> <span class='ocrx_word' id='word_1_2' title='bbox 975 621 1278 698; x_wconf 80' lang='lat' dir='ltr'>REGISI&#39;RUM</span> <span class='ocrx_word' id='word_1_3' title='bbox 1643 623 1797 720; x_wconf 82' lang='lat' dir='ltr'>[sscom</span> 
     </span>
    </p>
   </div>
   <div class='ocr_carea' id='block_1_2' title="bbox 460 819 1796 1142">
    <p class='ocr_par' dir='ltr' id='par_1_2' title="bbox 460 819 1796 1142">
     <span class='ocr_line' id='line_1_2' title="bbox 461 819 1796 920; baseline -0.001 -24"><span class='ocrx_word' id='word_1_4' title='bbox 461 849 525 920; x_wconf 86' lang='lat' dir='ltr'>per</span> <span class='ocrx_word' id='word_1_5' title='bbox 553 823 769 898; x_wconf 84' lang='lat' dir='ltr'>sententiam</span> <span class='ocrx_word' id='word_1_6' title='bbox 802 824 914 897; x_wconf 79' lang='lat' dir='ltr'>letam</span> <span class='ocrx_word' id='word_1_7' title='bbox 943 848 966 896; x_wconf 79' lang='lat' dir='ltr'><strong>a</strong></span> <span class='ocrx_word' id='word_1_8' title='bbox 995 845 1132 896; x_wconf 78' lang='lat' dir='ltr'>esnone</span> <span class='ocrx_word' id='word_1_9' title='bbox 1165 820 1239 917; x_wconf 83' lang='lat' dir='ltr'>ipso</span> <span class='ocrx_word' id='word_1_10' title='bbox 1268 824 1361 896; x_wconf 75' lang='lat' dir='ltr'>fatto</span> <span class='ocrx_word' id='word_1_11' title='bbox 1390 819 1461 896; x_wconf 83' lang='lat' dir='ltr'>fint</span> <span class='ocrx_word' id='word_1_12' title='bbox 1489 825 1796 897; x_wconf 78' lang='lat' dir='ltr'>excommunioeti</span> 
     </span>
     <span class='ocr_line' id='line_1_3' title="bbox 460 935 1794 1030; baseline -0.001 -22"><span class='ocrx_word' id='word_1_13' title='bbox 460 939 673 1009; x_wconf 65' lang='lat' dir='ltr'>audoritate</span> <span class='ocrx_word' id='word_1_14' title='bbox 698 937 895 1008; x_wconf 86' lang='lat' dir='ltr'>eorundem</span> <span class='ocrx_word' id='word_1_15' title='bbox 920 956 1097 1007; x_wconf 80' lang='lat' dir='ltr'>cononum</span> <span class='ocrx_word' id='word_1_16' title='bbox 1114 942 1153 1006; x_wconf 93' lang='lat' dir='ltr'>et</span> <span class='ocrx_word' id='word_1_17' title='bbox 1169 935 1311 1030; x_wconf 81' lang='lat' dir='ltr'>coneilij</span> <span class='ocrx_word' id='word_1_18' title='bbox 1329 936 1555 1008; x_wconf 78' lang='lat' dir='ltr'>decredimus</span> <span class='ocrx_word' id='word_1_19' title='bbox 1579 959 1641 1008; x_wconf 89' lang='lat' dir='ltr'>eos</span> <span class='ocrx_word' id='word_1_20' title='bbox 1663 936 1794 1009; x_wconf 83' lang='lat' dir='ltr'>debere</span> 
     </span>
     <span class='ocr_line' id='line_1_4' title="bbox 461 1047 1201 1142; baseline 0 -22"><span class='ocrx_word' id='word_1_21' title='bbox 461 1049 789 1121; x_wconf 79' lang='lat' dir='ltr'>excommunicatos</span> <span class='ocrx_word' id='word_1_22' title='bbox 805 1047 949 1142; x_wconf 80' lang='lat' dir='ltr'>publice</span> <span class='ocrx_word' id='word_1_23' title='bbox 967 1048 1175 1120; x_wconf 78' lang='lat' dir='ltr'>denunciari</span> <span class='ocrx_word' id='word_1_24' title='bbox 1192 1087 1201 1104; x_wconf 88' lang='lat'><strong>·</strong></span> 
     </span>
    </p>
   </div>
   <div class='ocr_carea' id='block_1_3' title="bbox 765 1268 1493 1367">
    <p class='ocr_par' dir='ltr' id='par_1_3' title="bbox 765 1268 1493 1367">
     <span class='ocr_line' id='line_1_5' title="bbox 765 1268 1493 1367; baseline 0.005 -27"><span class='ocrx_word' id='word_1_25' title='bbox 765 1268 978 1341; x_wconf 90' lang='lat' dir='ltr'>XXXIIII.</span> <span class='ocrx_word' id='word_1_26' title='bbox 1005 1270 1064 1342; x_wconf 93' lang='lat' dir='ltr'>De</span> <span class='ocrx_word' id='word_1_27' title='bbox 1080 1270 1228 1344; x_wconf 76' lang='lat' dir='ltr'>decimis</span> <span class='ocrx_word' id='word_1_28' title='bbox 1244 1282 1282 1343; x_wconf 89' lang='lat' dir='ltr'>et</span> <span class='ocrx_word' id='word_1_29' title='bbox 1299 1274 1468 1367; x_wconf 86' lang='lat' dir='ltr'>primioijs</span> <span class='ocrx_word' id='word_1_30' title='bbox 1485 1314 1493 1329; x_wconf 91' lang='lat'><strong>·</strong></span> 
     </span>
    </p>
   </div>
   <div class='ocr_carea' id='block_1_4' title="bbox 456 1493 1791 2152">
    <p class='ocr_par' dir='ltr' id='par_1_4' title="bbox 456 1493 1791 2152">
     <span class='ocr_line' id='line_1_6' title="bbox 460 1493 1791 1591; baseline 0 -22"><span class='ocrx_word' id='word_1_31' title='bbox 460 1496 662 1571; x_wconf 74' lang='lat' dir='ltr'>Statuimns</span> <span class='ocrx_word' id='word_1_32' title='bbox 679 1494 873 1569; x_wconf 84' lang='lat' dir='ltr'>seeundum</span> <span class='ocrx_word' id='word_1_33' title='bbox 888 1493 1009 1566; x_wconf 88' lang='lat' dir='ltr'>diuine</span> <span class='ocrx_word' id='word_1_34' title='bbox 1026 1494 1115 1590; x_wconf 76' lang='lat' dir='ltr'>legis</span> <span class='ocrx_word' id='word_1_35' title='bbox 1132 1504 1171 1566; x_wconf 94' lang='lat' dir='ltr'>et</span> <span class='ocrx_word' id='word_1_36' title='bbox 1186 1495 1343 1569; x_wconf 77' lang='lat' dir='ltr'>humone</span> <span class='ocrx_word' id='word_1_37' title='bbox 1358 1505 1528 1591; x_wconf 84' lang='lat' dir='ltr'>preoepto</span> <span class='ocrx_word' id='word_1_38' title='bbox 1539 1498 1635 1589; x_wconf 89' lang='lat' dir='ltr'>quod</span> <span class='ocrx_word' id='word_1_39' title='bbox 1652 1497 1791 1569; x_wconf 83' lang='lat' dir='ltr'>decime</span> 
     </span>
     <span class='ocr_line' id='line_1_7' title="bbox 459 1603 1791 1702; baseline -0.001 -23"><span class='ocrx_word' id='word_1_40' title='bbox 459 1609 504 1680; x_wconf 89' lang='lat' dir='ltr'>de</span> <span class='ocrx_word' id='word_1_41' title='bbox 530 1611 782 1701; x_wconf 86' lang='lat' dir='ltr'>omnibusque</span> <span class='ocrx_word' id='word_1_42' title='bbox 810 1610 1029 1680; x_wconf 78' lang='lat' dir='ltr'>innodentur</span> <span class='ocrx_word' id='word_1_43' title='bbox 1049 1609 1094 1679; x_wconf 90' lang='lat' dir='ltr'>de</span> <span class='ocrx_word' id='word_1_44' title='bbox 1111 1608 1239 1700; x_wconf 90' lang='lat' dir='ltr'>quibus</span> <span class='ocrx_word' id='word_1_45' title='bbox 1265 1609 1403 1682; x_wconf 88' lang='lat' dir='ltr'>deoime</span> <span class='ocrx_word' id='word_1_46' title='bbox 1428 1603 1575 1702; x_wconf 75' lang='lat' dir='ltr'>prestari</span> <span class='ocrx_word' id='word_1_47' title='bbox 1600 1609 1734 1680; x_wconf 89' lang='lat' dir='ltr'>debent</span> <span class='ocrx_word' id='word_1_48' title='bbox 1750 1617 1791 1679; x_wconf 77' lang='lat' dir='ltr'>vt</span> 
     </span>
     <span class='ocr_line' id='line_1_8' title="bbox 458 1717 1790 1815; baseline 0.002 -25"><span class='ocrx_word' id='word_1_49' title='bbox 458 1721 503 1791; x_wconf 90' lang='lat' dir='ltr'>de</span> <span class='ocrx_word' id='word_1_50' title='bbox 528 1720 634 1794; x_wconf 83' lang='lat' dir='ltr'>blsdo</span> <span class='ocrx_word' id='word_1_51' title='bbox 659 1721 742 1792; x_wconf 84' lang='lat' dir='ltr'>feno</span> <span class='ocrx_word' id='word_1_52' title='bbox 768 1719 842 1791; x_wconf 92' lang='lat' dir='ltr'>lino</span> <span class='ocrx_word' id='word_1_53' title='bbox 860 1719 905 1790; x_wconf 85' lang='lat' dir='ltr'>de</span> <span class='ocrx_word' id='word_1_54' title='bbox 928 1721 1016 1791; x_wconf 85' lang='lat' dir='ltr'>ortis</span> <span class='ocrx_word' id='word_1_55' title='bbox 1033 1720 1078 1791; x_wconf 87' lang='lat' dir='ltr'>de</span> <span class='ocrx_word' id='word_1_56' title='bbox 1100 1717 1316 1792; x_wconf 77' lang='lat' dir='ltr'>molendinis</span> <span class='ocrx_word' id='word_1_57' title='bbox 1339 1721 1384 1792; x_wconf 92' lang='lat' dir='ltr'>de</span> <span class='ocrx_word' id='word_1_58' title='bbox 1408 1719 1566 1815; x_wconf 82' lang='lat' dir='ltr'>pisoerijs</span> <span class='ocrx_word' id='word_1_59' title='bbox 1588 1721 1635 1792; x_wconf 90' lang='lat' dir='ltr'>de</span> <span class='ocrx_word' id='word_1_60' title='bbox 1656 1721 1790 1792; x_wconf 82' lang='lat' dir='ltr'>fetibus</span> 
     </span>
     <span class='ocr_line' id='line_1_9' title="bbox 458 1827 1789 1926; baseline -0.001 -22"><span class='ocrx_word' id='word_1_61' title='bbox 458 1832 666 1904; x_wconf 78' lang='lat' dir='ltr'>animalium</span> <span class='ocrx_word' id='word_1_62' title='bbox 693 1831 775 1904; x_wconf 81' lang='lat' dir='ltr'>lene</span> <span class='ocrx_word' id='word_1_63' title='bbox 801 1831 893 1904; x_wconf 74' lang='lat' dir='ltr'>ladte</span> <span class='ocrx_word' id='word_1_64' title='bbox 920 1827 1030 1902; x_wconf 80' lang='lat' dir='ltr'>neseis</span> <span class='ocrx_word' id='word_1_65' title='bbox 1046 1855 1261 1924; x_wconf 84' lang='lat' dir='ltr'>quocunqne</span> <span class='ocrx_word' id='word_1_66' title='bbox 1286 1842 1449 1926; x_wconf 86' lang='lat' dir='ltr'>tempore</span> <span class='ocrx_word' id='word_1_67' title='bbox 1465 1833 1555 1904; x_wconf 81' lang='lat' dir='ltr'>fient</span> <span class='ocrx_word' id='word_1_68' title='bbox 1580 1833 1689 1926; x_wconf 87' lang='lat' dir='ltr'>pullis</span> <span class='ocrx_word' id='word_1_69' title='bbox 1711 1836 1789 1904; x_wconf 86' lang='lat' dir='ltr'>onis</span> 
     </span>
     <span class='ocr_line' id='line_1_10' title="bbox 457 1938 1789 2040; baseline 0 -24"><span class='ocrx_word' id='word_1_70' title='bbox 457 1947 704 2040; x_wconf 80' lang='lat' dir='ltr'>negociatione</span> <span class='ocrx_word' id='word_1_71' title='bbox 721 1945 912 2016; x_wconf 82' lang='lat' dir='ltr'>venatione</span> <span class='ocrx_word' id='word_1_72' title='bbox 938 1938 1026 2016; x_wconf 83' lang='lat' dir='ltr'>silue</span> <span class='ocrx_word' id='word_1_73' title='bbox 1050 1945 1165 2016; x_wconf 81' lang='lat' dir='ltr'>eedus</span> <span class='ocrx_word' id='word_1_74' title='bbox 1189 1944 1234 2014; x_wconf 88' lang='lat' dir='ltr'>de</span> <span class='ocrx_word' id='word_1_75' title='bbox 1261 1945 1433 2017; x_wconf 65' lang='lat' dir='ltr'>trudibus</span> <span class='ocrx_word' id='word_1_76' title='bbox 1457 1947 1624 2018; x_wconf 84' lang='lat' dir='ltr'>arborum</span> <span class='ocrx_word' id='word_1_77' title='bbox 1647 1959 1685 2017; x_wconf 90' lang='lat' dir='ltr'>et</span> <span class='ocrx_word' id='word_1_78' title='bbox 1707 1945 1789 2040; x_wconf 84' lang='lat' dir='ltr'>niijs</span> 
     </span>
     <span class='ocr_line' id='line_1_11' title="bbox 456 2053 1762 2152; baseline -0.001 -23"><span class='ocrx_word' id='word_1_79' title='bbox 456 2055 656 2130; x_wconf 89' lang='lat' dir='ltr'>huiusmodi</span> <span class='ocrx_word' id='word_1_80' title='bbox 673 2059 813 2152; x_wconf 84' lang='lat' dir='ltr'>integro</span> <span class='ocrx_word' id='word_1_81' title='bbox 830 2053 1080 2150; x_wconf 79' lang='lat' dir='ltr'>persoluentur</span> <span class='ocrx_word' id='word_1_82' title='bbox 1094 2057 1163 2149; x_wconf 87' lang='lat' dir='ltr'>hijs</span> <span class='ocrx_word' id='word_1_83' title='bbox 1180 2057 1225 2128; x_wconf 81' lang='lat' dir='ltr'>sd</span> <span class='ocrx_word' id='word_1_84' title='bbox 1242 2079 1331 2149; x_wconf 85' lang='lat' dir='ltr'>qnos</span> <span class='ocrx_word' id='word_1_85' title='bbox 1346 2059 1527 2150; x_wconf 87' lang='lat' dir='ltr'>pertinere</span> <span class='ocrx_word' id='word_1_86' title='bbox 1542 2055 1738 2129; x_wconf 83' lang='lat' dir='ltr'>noscuntur</span> <span class='ocrx_word' id='word_1_87' title='bbox 1753 2097 1762 2113; x_wconf 92' lang='lat'><strong>·</strong></span> 
     </span>
    </p>
   </div>
   <div class='ocr_carea' id='block_1_5' title="bbox 813 2279 1434 2390">
    <p class='ocr_par' dir='ltr' id='par_1_5' title="bbox 813 2279 1434 2390">
     <span class='ocr_line' id='line_1_12' title="bbox 813 2279 1434 2390; baseline 0.003 -40"><span class='ocrx_word' id='word_1_88' title='bbox 813 2279 981 2352; x_wconf 90' lang='lat' dir='ltr'>XXXV.</span> <span class='ocrx_word' id='word_1_89' title='bbox 1009 2280 1232 2390; x_wconf 12' lang='lat' dir='ltr'>DetdeoimIs</span> <span class='ocrx_word' id='word_1_90' title='bbox 1248 2291 1407 2352; x_wconf 84' lang='lat' dir='ltr'>ortorum</span> <span class='ocrx_word' id='word_1_91' title='bbox 1426 2323 1434 2338; x_wconf 92' lang='lat'><strong>·</strong></span> 
     </span>
    </p>
   </div>
   <div class='ocr_carea' id='block_1_6' title="bbox 455 2503 1879 3048">
    <p class='ocr_par' dir='ltr' id='par_1_6' title="bbox 455 2503 1879 3048">
     <span class='ocr_line' id='line_1_13' title="bbox 456 2503 1786 2602; baseline 0.002 -26"><span class='ocrx_word' id='word_1_92' title='bbox 456 2503 517 2576; x_wconf 87' lang='lat' dir='ltr'>Ad</span> <span class='ocrx_word' id='word_1_93' title='bbox 542 2504 607 2576; x_wconf 85' lang='lat' dir='ltr'>heo</span> <span class='ocrx_word' id='word_1_94' title='bbox 625 2505 850 2578; x_wconf 81' lang='lat' dir='ltr'>deseruimus</span> <span class='ocrx_word' id='word_1_95' title='bbox 866 2505 961 2596; x_wconf 84' lang='lat' dir='ltr'>quod</span> <span class='ocrx_word' id='word_1_96' title='bbox 980 2504 1119 2576; x_wconf 79' lang='lat' dir='ltr'>decime</span> <span class='ocrx_word' id='word_1_97' title='bbox 1144 2514 1303 2576; x_wconf 83' lang='lat' dir='ltr'>ortorum</span> <span class='ocrx_word' id='word_1_98' title='bbox 1320 2507 1358 2576; x_wconf 93' lang='lat' dir='ltr'>in</span> <span class='ocrx_word' id='word_1_99' title='bbox 1376 2505 1585 2580; x_wconf 80' lang='lat' dir='ltr'>ciuitatibus</span> <span class='ocrx_word' id='word_1_100' title='bbox 1602 2516 1642 2577; x_wconf 92' lang='lat' dir='ltr'>et</span> <span class='ocrx_word' id='word_1_101' title='bbox 1665 2506 1786 2602; x_wconf 71' lang='lat' dir='ltr'>burgis</span> 
     </span>
     <span class='ocr_line' id='line_1_14' title="bbox 456 2613 1784 2712; baseline 0.002 -22"><span class='ocrx_word' id='word_1_102' title='bbox 456 2617 501 2690; x_wconf 82' lang='lat' dir='ltr'>sd</span> <span class='ocrx_word' id='word_1_103' title='bbox 530 2639 780 2709; x_wconf 80' lang='lat' dir='ltr'>quemcunque</span> <span class='ocrx_word' id='word_1_104' title='bbox 814 2613 991 2688; x_wconf 85' lang='lat' dir='ltr'>oultnrem</span> <span class='ocrx_word' id='word_1_105' title='bbox 1024 2617 1234 2712; x_wconf 81' lang='lat' dir='ltr'>redigentur</span> <span class='ocrx_word' id='word_1_106' title='bbox 1265 2617 1310 2690; x_wconf 86' lang='lat' dir='ltr'>sd</span> <span class='ocrx_word' id='word_1_107' title='bbox 1345 2618 1513 2690; x_wconf 76' lang='lat' dir='ltr'>vicariam</span> <span class='ocrx_word' id='word_1_108' title='bbox 1546 2621 1784 2712; x_wconf 80' lang='lat' dir='ltr'>pertineant·</span> 
     </span>
     <span class='ocr_line' id='line_1_15' title="bbox 456 2728 1785 2823; baseline 0.004 -24"><span class='ocrx_word' id='word_1_109' title='bbox 456 2730 594 2802; x_wconf 77' lang='lat' dir='ltr'>decime</span> <span class='ocrx_word' id='word_1_110' title='bbox 611 2751 695 2800; x_wconf 82' lang='lat' dir='ltr'>voro</span> <span class='ocrx_word' id='word_1_111' title='bbox 720 2737 880 2800; x_wconf 88' lang='lat' dir='ltr'>ortorum</span> <span class='ocrx_word' id='word_1_112' title='bbox 897 2729 934 2799; x_wconf 91' lang='lat' dir='ltr'>in</span> <span class='ocrx_word' id='word_1_113' title='bbox 953 2728 1048 2800; x_wconf 78' lang='lat' dir='ltr'>villis</span> <span class='ocrx_word' id='word_1_114' title='bbox 1073 2753 1136 2823; x_wconf 86' lang='lat' dir='ltr'>pro</span> <span class='ocrx_word' id='word_1_115' title='bbox 1154 2753 1224 2823; x_wconf 88' lang='lat' dir='ltr'>qus</span> <span class='ocrx_word' id='word_1_116' title='bbox 1249 2737 1350 2822; x_wconf 80' lang='lat' dir='ltr'>perte</span> <span class='ocrx_word' id='word_1_117' title='bbox 1374 2730 1511 2801; x_wconf 82' lang='lat' dir='ltr'>fuerint</span> <span class='ocrx_word' id='word_1_118' title='bbox 1535 2730 1579 2802; x_wconf 83' lang='lat' dir='ltr'>od</span> <span class='ocrx_word' id='word_1_119' title='bbox 1606 2730 1785 2804; x_wconf 79' lang='lat' dir='ltr'>culturam</span> 
     </span>
     <span class='ocr_line' id='line_1_16' title="bbox 455 2837 1879 2938; baseline 0.005 -27"><span class='ocrx_word' id='word_1_120' title='bbox 455 2839 584 2938; x_wconf 78' lang='lat' dir='ltr'>segetis</span> <span class='ocrx_word' id='word_1_121' title='bbox 608 2842 741 2914; x_wconf 79' lang='lat' dir='ltr'>redotti</span> <span class='ocrx_word' id='word_1_122' title='bbox 767 2841 811 2912; x_wconf 83' lang='lat' dir='ltr'>ad</span> <span class='ocrx_word' id='word_1_123' title='bbox 836 2837 1024 2934; x_wconf 77' lang='lat' dir='ltr'>personam</span> <span class='ocrx_word' id='word_1_124' title='bbox 1050 2842 1255 2935; x_wconf 75' lang='lat' dir='ltr'>pertineant</span> <span class='ocrx_word' id='word_1_125' title='bbox 1273 2851 1311 2914; x_wconf 89' lang='lat' dir='ltr'>et</span> <span class='ocrx_word' id='word_1_126' title='bbox 1327 2865 1392 2936; x_wconf 89' lang='lat' dir='ltr'>pro</span> <span class='ocrx_word' id='word_1_127' title='bbox 1417 2842 1488 2914; x_wconf 80' lang='lat' dir='ltr'>elia</span> <span class='ocrx_word' id='word_1_128' title='bbox 1511 2851 1613 2937; x_wconf 79' lang='lat' dir='ltr'>perte</span> <span class='ocrx_word' id='word_1_129' title='bbox 1628 2845 1675 2915; x_wconf 84' lang='lat' dir='ltr'>ed</span> <span class='ocrx_word' id='word_1_130' title='bbox 1692 2846 1786 2918; x_wconf 79' lang='lat' dir='ltr'>vioe·</span> <span class='ocrx_word' id='word_1_131' title='bbox 1872 2842 1879 2857; x_wconf 87' lang='lat'>’</span> 
     </span>
     <span class='ocr_line' id='line_1_17' title="bbox 455 2949 1710 3048; baseline 0.002 -24"><span class='ocrx_word' id='word_1_132' title='bbox 455 2953 547 3025; x_wconf 87' lang='lat' dir='ltr'>rium</span> <span class='ocrx_word' id='word_1_133' title='bbox 565 2994 573 3010; x_wconf 93' lang='lat'><strong>·</strong></span> <span class='ocrx_word' id='word_1_134' title='bbox 591 2953 706 3026; x_wconf 91' lang='lat' dir='ltr'>linum</span> <span class='ocrx_word' id='word_1_135' title='bbox 724 2975 808 3026; x_wconf 82' lang='lat' dir='ltr'>vero</span> <span class='ocrx_word' id='word_1_136' title='bbox 827 2953 1028 3045; x_wconf 86' lang='lat' dir='ltr'>vbiounque</span> <span class='ocrx_word' id='word_1_137' title='bbox 1044 2949 1240 3026; x_wconf 83' lang='lat' dir='ltr'>seminetur</span> <span class='ocrx_word' id='word_1_138' title='bbox 1255 2954 1300 3026; x_wconf 82' lang='lat' dir='ltr'>od</span> <span class='ocrx_word' id='word_1_139' title='bbox 1318 2954 1489 3027; x_wconf 79' lang='lat' dir='ltr'>visorium</span> <span class='ocrx_word' id='word_1_140' title='bbox 1506 2956 1710 3048; x_wconf 81' lang='lat' dir='ltr'>pertinent·</span> 
     </span>
    </p>
   </div>
   <div class='ocr_carea' id='block_1_7' title="bbox 785 3175 1454 3250">
    <p class='ocr_par' dir='ltr' id='par_1_7' title="bbox 785 3175 1454 3250">
     <span class='ocr_line' id='line_1_18' title="bbox 785 3175 1454 3250; baseline 0.003 -2"><span class='ocrx_word' id='word_1_141' title='bbox 785 3175 975 3249; x_wconf 92' lang='lat' dir='ltr'>XXXVI.</span> <span class='ocrx_word' id='word_1_142' title='bbox 1002 3176 1060 3247; x_wconf 91' lang='lat' dir='ltr'>De</span> <span class='ocrx_word' id='word_1_143' title='bbox 1077 3178 1225 3250; x_wconf 81' lang='lat' dir='ltr'>decimis</span> <span class='ocrx_word' id='word_1_144' title='bbox 1241 3201 1429 3250; x_wconf 82' lang='lat' dir='ltr'>veooerum</span> <span class='ocrx_word' id='word_1_145' title='bbox 1447 3220 1454 3236; x_wconf 93' lang='lat'><strong>·</strong></span> 
     </span>
    </p>
   </div>
   <div class='ocr_carea' id='block_1_8' title="bbox 454 3395 1783 3721">
    <p class='ocr_par' dir='ltr' id='par_1_8' title="bbox 454 3395 1783 3721">
     <span class='ocr_line' id='line_1_19' title="bbox 455 3395 1783 3479; baseline 0.005 -8"><span class='ocrx_word' id='word_1_146' title='bbox 455 3399 551 3472; x_wconf 83' lang='lat' dir='ltr'>Item</span> <span class='ocrx_word' id='word_1_147' title='bbox 569 3401 613 3473; x_wconf 89' lang='lat' dir='ltr'>de</span> <span class='ocrx_word' id='word_1_148' title='bbox 633 3403 748 3473; x_wconf 79' lang='lat' dir='ltr'>saonis</span> <span class='ocrx_word' id='word_1_149' title='bbox 764 3402 847 3472; x_wconf 86' lang='lat' dir='ltr'>fetis</span> <span class='ocrx_word' id='word_1_150' title='bbox 863 3397 1054 3472; x_wconf 73' lang='lat' dir='ltr'>statuimus</span> <span class='ocrx_word' id='word_1_151' title='bbox 1072 3411 1111 3472; x_wconf 79' lang='lat' dir='ltr'>vt</span> <span class='ocrx_word' id='word_1_152' title='bbox 1127 3395 1154 3471; x_wconf 88' lang='lat' dir='ltr'><strong>fi</strong></span> <span class='ocrx_word' id='word_1_153' title='bbox 1170 3402 1215 3473; x_wconf 86' lang='lat' dir='ltr'>de</span> <span class='ocrx_word' id='word_1_154' title='bbox 1232 3425 1354 3474; x_wconf 78' lang='lat' dir='ltr'>earum</span> <span class='ocrx_word' id='word_1_155' title='bbox 1375 3400 1468 3476; x_wconf 75' lang='lat' dir='ltr'>lette</span> <span class='ocrx_word' id='word_1_156' title='bbox 1491 3426 1564 3475; x_wconf 90' lang='lat' dir='ltr'>non</span> <span class='ocrx_word' id='word_1_157' title='bbox 1582 3404 1646 3476; x_wconf 82' lang='lat' dir='ltr'>iiet</span> <span class='ocrx_word' id='word_1_158' title='bbox 1662 3404 1783 3479; x_wconf 79' lang='lat' dir='ltr'>caseus</span> 
     </span>
     <span class='ocr_line' id='line_1_20' title="bbox 454 3513 1783 3610; baseline 0.006 -27"><span class='ocrx_word' id='word_1_159' title='bbox 454 3513 512 3586; x_wconf 85' lang='lat' dir='ltr'>vel</span> <span class='ocrx_word' id='word_1_160' title='bbox 535 3515 694 3586; x_wconf 83' lang='lat' dir='ltr'>butirum</span> <span class='ocrx_word' id='word_1_161' title='bbox 718 3535 907 3606; x_wconf 80' lang='lat' dir='ltr'>provoces</span> <span class='ocrx_word' id='word_1_162' title='bbox 929 3522 1003 3584; x_wconf 85' lang='lat' dir='ltr'>tres</span> <span class='ocrx_word' id='word_1_163' title='bbox 1021 3513 1155 3607; x_wconf 84' lang='lat' dir='ltr'>densrij</span> <span class='ocrx_word' id='word_1_164' title='bbox 1178 3537 1243 3608; x_wconf 86' lang='lat' dir='ltr'>per</span> <span class='ocrx_word' id='word_1_165' title='bbox 1267 3537 1401 3586; x_wconf 79' lang='lat' dir='ltr'>annum</span> <span class='ocrx_word' id='word_1_166' title='bbox 1424 3525 1463 3587; x_wconf 87' lang='lat' dir='ltr'>et</span> <span class='ocrx_word' id='word_1_167' title='bbox 1484 3540 1548 3610; x_wconf 87' lang='lat' dir='ltr'>pro</span> <span class='ocrx_word' id='word_1_168' title='bbox 1573 3519 1651 3589; x_wconf 90' lang='lat' dir='ltr'>eius</span> <span class='ocrx_word' id='word_1_169' title='bbox 1668 3518 1783 3591; x_wconf 87' lang='lat' dir='ltr'>vitulo</span> 
     </span>
     <span class='ocr_line' id='line_1_21' title="bbox 454 3625 1421 3721; baseline 0.003 -26"><span class='ocrx_word' id='word_1_170' title='bbox 454 3647 545 3697; x_wconf 79' lang='lat' dir='ltr'>snus</span> <span class='ocrx_word' id='word_1_171' title='bbox 560 3625 725 3696; x_wconf 80' lang='lat' dir='ltr'>denarius</span> <span class='ocrx_word' id='word_1_172' title='bbox 741 3625 867 3696; x_wconf 86' lang='lat' dir='ltr'>eodem</span> <span class='ocrx_word' id='word_1_173' title='bbox 884 3647 978 3695; x_wconf 82' lang='lat' dir='ltr'>enno</span> <span class='ocrx_word' id='word_1_174' title='bbox 994 3647 1059 3718; x_wconf 87' lang='lat' dir='ltr'>pro</span> <span class='ocrx_word' id='word_1_175' title='bbox 1076 3625 1216 3697; x_wconf 83' lang='lat' dir='ltr'>decime</span> <span class='ocrx_word' id='word_1_176' title='bbox 1231 3627 1421 3721; x_wconf 80' lang='lat' dir='ltr'>exigetur·</span> 
     </span>
    </p>
   </div>
   <div class='ocr_carea' id='block_1_9' title="bbox 805 3844 1431 3922">
    <p class='ocr_par' dir='ltr' id='par_1_9' title="bbox 805 3844 1431 3922">
     <span class='ocr_line' id='line_1_22' title="bbox 805 3844 1431 3922; baseline 0.008 -5"><span class='ocrx_word' id='word_1_177' title='bbox 805 3844 1017 3922; x_wconf 92' lang='lat' dir='ltr'>XXXVII.</span> <span class='ocrx_word' id='word_1_178' title='bbox 1043 3847 1101 3920; x_wconf 90' lang='lat' dir='ltr'>De</span> <span class='ocrx_word' id='word_1_179' title='bbox 1118 3849 1266 3921; x_wconf 83' lang='lat' dir='ltr'>decimis</span> <span class='ocrx_word' id='word_1_180' title='bbox 1282 3853 1403 3922; x_wconf 89' lang='lat' dir='ltr'>onium</span> <span class='ocrx_word' id='word_1_181' title='bbox 1423 3893 1431 3908; x_wconf 92' lang='lat'><strong>·</strong></span> 
     </span>
    </p>
   </div>
   <div class='ocr_carea' id='block_1_10' title="bbox 447 4069 1780 4621">
    <p class='ocr_par' dir='ltr' id='par_1_10' title="bbox 447 4069 1780 4621">
     <span class='ocr_line' id='line_1_23' title="bbox 452 4069 1780 4165; baseline 0.004 -19"><span class='ocrx_word' id='word_1_182' title='bbox 452 4073 548 4146; x_wconf 88' lang='lat' dir='ltr'>Item</span> <span class='ocrx_word' id='word_1_183' title='bbox 576 4069 764 4144; x_wconf 74' lang='lat' dir='ltr'>statuimus</span> <span class='ocrx_word' id='word_1_184' title='bbox 793 4072 838 4144; x_wconf 89' lang='lat' dir='ltr'>de</span> <span class='ocrx_word' id='word_1_185' title='bbox 865 4071 993 4144; x_wconf 89' lang='lat' dir='ltr'>onibus</span> <span class='ocrx_word' id='word_1_186' title='bbox 1023 4073 1117 4165; x_wconf 91' lang='lat' dir='ltr'>qnod</span> <span class='ocrx_word' id='word_1_187' title='bbox 1147 4069 1174 4144; x_wconf 82' lang='lat' dir='ltr'><strong>fi</strong></span> <span class='ocrx_word' id='word_1_188' title='bbox 1199 4097 1286 4146; x_wconf 88' lang='lat' dir='ltr'>oues</span> <span class='ocrx_word' id='word_1_189' title='bbox 1311 4075 1369 4146; x_wconf 88' lang='lat' dir='ltr'>vel</span> <span class='ocrx_word' id='word_1_190' title='bbox 1398 4086 1520 4148; x_wconf 79' lang='lat' dir='ltr'>ostem</span> <span class='ocrx_word' id='word_1_191' title='bbox 1544 4077 1713 4152; x_wconf 77' lang='lat' dir='ltr'>animalia</span> <span class='ocrx_word' id='word_1_192' title='bbox 1741 4081 1780 4151; x_wconf 94' lang='lat' dir='ltr'>in</span> 
     </span>
     <span class='ocr_line' id='line_1_24' title="bbox 450 4181 1779 4281; baseline 0.007 -23"><span class='ocrx_word' id='word_1_193' title='bbox 450 4181 597 4258; x_wconf 83' lang='lat' dir='ltr'>diuerfis</span> <span class='ocrx_word' id='word_1_194' title='bbox 621 4183 795 4280; x_wconf 77' lang='lat' dir='ltr'>parochijs</span> <span class='ocrx_word' id='word_1_195' title='bbox 820 4185 1009 4256; x_wconf 79' lang='lat' dir='ltr'>extiterint</span> <span class='ocrx_word' id='word_1_196' title='bbox 1026 4207 1091 4278; x_wconf 86' lang='lat' dir='ltr'>per</span> <span class='ocrx_word' id='word_1_197' title='bbox 1106 4183 1245 4258; x_wconf 84' lang='lat' dir='ltr'>diuersa</span> <span class='ocrx_word' id='word_1_198' title='bbox 1268 4194 1432 4281; x_wconf 84' lang='lat' dir='ltr'>tempore</span> <span class='ocrx_word' id='word_1_199' title='bbox 1447 4187 1609 4280; x_wconf 85' lang='lat' dir='ltr'>quelibet</span> <span class='ocrx_word' id='word_1_200' title='bbox 1631 4187 1779 4267; x_wconf 79' lang='lat' dir='ltr'>eoolefia</span> 
     </span>
     <span class='ocr_line' id='line_1_25' title="bbox 450 4296 1778 4395; baseline 0.005 -26"><span class='ocrx_word' id='word_1_201' title='bbox 450 4321 513 4392; x_wconf 90' lang='lat' dir='ltr'>pro</span> <span class='ocrx_word' id='word_1_202' title='bbox 543 4307 621 4369; x_wconf 84' lang='lat' dir='ltr'>reto</span> <span class='ocrx_word' id='word_1_203' title='bbox 649 4297 820 4390; x_wconf 86' lang='lat' dir='ltr'>temporis</span> <span class='ocrx_word' id='word_1_204' title='bbox 850 4296 1025 4369; x_wconf 78' lang='lat' dir='ltr'>desimam</span> <span class='ocrx_word' id='word_1_205' title='bbox 1058 4299 1232 4391; x_wconf 82' lang='lat' dir='ltr'>pereipiat</span> <span class='ocrx_word' id='word_1_206' title='bbox 1258 4299 1345 4370; x_wconf 91' lang='lat' dir='ltr'>dum</span> <span class='ocrx_word' id='word_1_207' title='bbox 1374 4307 1497 4372; x_wconf 82' lang='lat' dir='ltr'>temen</span> <span class='ocrx_word' id='word_1_208' title='bbox 1527 4323 1591 4395; x_wconf 88' lang='lat' dir='ltr'>per</span> <span class='ocrx_word' id='word_1_209' title='bbox 1619 4301 1778 4376; x_wconf 88' lang='lat' dir='ltr'>mensem</span> 
     </span>
     <span class='ocr_line' id='line_1_26' title="bbox 449 4407 1778 4504; baseline 0.004 -22"><span class='ocrx_word' id='word_1_210' title='bbox 449 4412 630 4504; x_wconf 82' lang='lat' dir='ltr'>integmm</span> <span class='ocrx_word' id='word_1_211' title='bbox 646 4408 691 4480; x_wconf 86' lang='lat' dir='ltr'>ed</span> <span class='ocrx_word' id='word_1_212' title='bbox 712 4409 830 4479; x_wconf 86' lang='lat' dir='ltr'>minus</span> <span class='ocrx_word' id='word_1_213' title='bbox 852 4409 890 4478; x_wconf 90' lang='lat' dir='ltr'>in</span> <span class='ocrx_word' id='word_1_214' title='bbox 912 4407 1064 4480; x_wconf 76' lang='lat' dir='ltr'>alieuius</span> <span class='ocrx_word' id='word_1_215' title='bbox 1086 4412 1253 4504; x_wconf 78' lang='lat' dir='ltr'>parochio</span> <span class='ocrx_word' id='word_1_216' title='bbox 1274 4408 1441 4485; x_wconf 83' lang='lat' dir='ltr'>steterint</span> <span class='ocrx_word' id='word_1_217' title='bbox 1457 4453 1466 4469; x_wconf 93' lang='lat'><strong>·</strong></span> <span class='ocrx_word' id='word_1_218' title='bbox 1484 4414 1632 4486; x_wconf 84' lang='lat' dir='ltr'>minoris</span> <span class='ocrx_word' id='word_1_219' title='bbox 1653 4427 1778 4495; x_wconf 80' lang='lat' dir='ltr'>eutem</span> 
     </span>
     <span class='ocr_line' id='line_1_27' title="bbox 447 4519 1776 4621; baseline 0.003 -25"><span class='ocrx_word' id='word_1_220' title='bbox 447 4520 618 4614; x_wconf 85' lang='lat' dir='ltr'>temporis</span> <span class='ocrx_word' id='word_1_221' title='bbox 647 4519 748 4593; x_wconf 84' lang='lat' dir='ltr'>nulle</span> <span class='ocrx_word' id='word_1_222' title='bbox 775 4521 866 4592; x_wconf 84' lang='lat' dir='ltr'>rstio</span> <span class='ocrx_word' id='word_1_223' title='bbox 892 4519 1067 4594; x_wconf 73' lang='lat' dir='ltr'>habeatur</span> <span class='ocrx_word' id='word_1_224' title='bbox 1096 4521 1232 4596; x_wconf 63' lang='lat' dir='ltr'>fruetus</span> <span class='ocrx_word' id='word_1_225' title='bbox 1258 4532 1381 4598; x_wconf 88' lang='lat' dir='ltr'>sutem</span> <span class='ocrx_word' id='word_1_226' title='bbox 1410 4534 1488 4598; x_wconf 92' lang='lat' dir='ltr'>toto</span> <span class='ocrx_word' id='word_1_227' title='bbox 1517 4534 1679 4621; x_wconf 81' lang='lat' dir='ltr'>tempore</span> <span class='ocrx_word' id='word_1_228' title='bbox 1704 4549 1776 4621; x_wconf 88' lang='lat' dir='ltr'>qno</span> 
     </span>
    </p>
   </div>
   <div class='ocr_carea' id='block_1_11' title="bbox 0 0 2030 5532">
    <p class='ocr_par' dir='ltr' id='par_1_11' title="bbox 0 0 2030 5532">
     <span class='ocr_line' id='line_1_28' title="bbox 0 0 2030 5532; baseline 0 0"><span class='ocrx_word' id='word_1_229' title='bbox 0 0 2030 5532; x_wconf 95' lang='lat' dir='ltr'> </span> 
     </span>
    </p>
   </div>
  </div>
 </body>
</html>
