<?xml version="1.0" encoding="UTF-8"?>
<!DOCTYPE html PUBLIC "-//W3C//DTD XHTML 1.0 Transitional//EN"
    "http://www.w3.org/TR/xhtml1/DTD/xhtml1-transitional.dtd">
<html xmlns="http://www.w3.org/1999/xhtml" xml:lang="en" lang="en">
 <head>
  <title>
</title>
<meta http-equiv="Content-Type" content="text/html;charset=utf-8" />
  <meta name='ocr-system' content='tesseract 3.04.00' />
  <meta name='ocr-capabilities' content='ocr_page ocr_carea ocr_par ocr_line ocrx_word'/>
</head>
<body>
  <div class='ocr_page' id='page_1' title='image "./registrumepisco02innegoog_0080.png"; bbox 0 0 4050 5534; ppageno 0'>
   <div class='ocr_carea' id='block_1_1' title="bbox 441 643 1781 744">
    <p class='ocr_par' dir='ltr' id='par_1_1' title="bbox 441 643 1781 744">
     <span class='ocr_line' id='line_1_1' title="bbox 441 643 1781 744; baseline -0.003 -20"><span class='ocrx_word' id='word_1_1' title='bbox 441 659 489 724; x_wconf 72' lang='lat'>24</span> <span class='ocrx_word' id='word_1_2' title='bbox 956 643 1263 720; x_wconf 79' lang='lat' dir='ltr'><strong>REGISTRUM</strong></span> <span class='ocrx_word' id='word_1_3' title='bbox 1628 647 1781 744; x_wconf 73' lang='lat' dir='ltr'>[eccuni</span> 
     </span>
    </p>
   </div>
   <div class='ocr_carea' id='block_1_2' title="bbox 442 844 1792 4650">
    <p class='ocr_par' dir='ltr' id='par_1_2' title="bbox 442 844 1792 4650">
     <span class='ocr_line' id='line_1_2' title="bbox 442 844 1784 941; baseline -0.003 -19"><span class='ocrx_word' id='word_1_4' title='bbox 442 853 567 922; x_wconf 90' lang='lat' dir='ltr'>bretur</span> <span class='ocrx_word' id='word_1_5' title='bbox 593 869 677 922; x_wconf 89' lang='lat' dir='ltr'>cum</span> <span class='ocrx_word' id='word_1_6' title='bbox 703 849 838 920; x_wconf 90' lang='lat' dir='ltr'>bonore</span> <span class='ocrx_word' id='word_1_7' title='bbox 867 856 907 919; x_wconf 90' lang='lat' dir='ltr'>et</span> <span class='ocrx_word' id='word_1_8' title='bbox 936 846 1141 918; x_wconf 89' lang='lat' dir='ltr'>reuerentia</span> <span class='ocrx_word' id='word_1_9' title='bbox 1164 853 1204 917; x_wconf 92' lang='lat' dir='ltr'>et</span> <span class='ocrx_word' id='word_1_10' title='bbox 1230 867 1363 941; x_wconf 80' lang='lat' dir='ltr'>magna</span> <span class='ocrx_word' id='word_1_11' title='bbox 1388 844 1532 918; x_wconf 83' lang='lat' dir='ltr'>cautela</span> <span class='ocrx_word' id='word_1_12' title='bbox 1557 847 1715 918; x_wconf 81' lang='lat' dir='ltr'>maxime</span> <span class='ocrx_word' id='word_1_13' title='bbox 1744 851 1784 918; x_wconf 93' lang='lat' dir='ltr'>in</span> 
     </span>
     <span class='ocr_line' id='line_1_3' title="bbox 443 955 1783 1052; baseline -0.003 -18"><span class='ocrx_word' id='word_1_14' title='bbox 443 959 671 1036; x_wconf 74' lang='lat' dir='ltr'>distinctione</span> <span class='ocrx_word' id='word_1_15' title='bbox 688 960 877 1032; x_wconf 83' lang='lat' dir='ltr'>verberum</span> <span class='ocrx_word' id='word_1_16' title='bbox 894 961 931 1031; x_wconf 92' lang='lat' dir='ltr'>in</span> <span class='ocrx_word' id='word_1_17' title='bbox 950 960 1081 1052; x_wconf 80' lang='lat' dir='ltr'>quibua</span> <span class='ocrx_word' id='word_1_18' title='bbox 1097 967 1177 1030; x_wconf 86' lang='lat' dir='ltr'>tote</span> <span class='ocrx_word' id='word_1_19' title='bbox 1192 959 1248 1028; x_wconf 84' lang='lat' dir='ltr'>iia</span> <span class='ocrx_word' id='word_1_20' title='bbox 1264 959 1370 1030; x_wconf 79' lang='lat' dir='ltr'>buius</span> <span class='ocrx_word' id='word_1_21' title='bbox 1386 955 1600 1030; x_wconf 69' lang='lat' dir='ltr'><strong>sacramenti</strong></span> <span class='ocrx_word' id='word_1_22' title='bbox 1623 955 1783 1031; x_wconf 82' lang='lat' dir='ltr'>consistit</span> 
     </span>
     <span class='ocr_line' id='line_1_4' title="bbox 445 1066 1782 1168; baseline -0.004 -21"><span class='ocrx_word' id='word_1_23' title='bbox 445 1087 483 1147; x_wconf 88' lang='lat' dir='ltr'>et</span> <span class='ocrx_word' id='word_1_24' title='bbox 493 1073 585 1147; x_wconf 83' lang='lat' dir='ltr'>salua</span> <span class='ocrx_word' id='word_1_25' title='bbox 595 1095 807 1168; x_wconf 91' lang='lat' dir='ltr'>puerorum·</span> <span class='ocrx_word' id='word_1_26' title='bbox 822 1071 952 1144; x_wconf 88' lang='lat' dir='ltr'>Forma</span> <span class='ocrx_word' id='word_1_27' title='bbox 962 1079 1087 1144; x_wconf 90' lang='lat' dir='ltr'>autem</span> <span class='ocrx_word' id='word_1_28' title='bbox 1097 1071 1303 1164; x_wconf 80' lang='lat' dir='ltr'>baptizandi</span> <span class='ocrx_word' id='word_1_29' title='bbox 1314 1071 1382 1143; x_wconf 90' lang='lat' dir='ltr'>beo</span> <span class='ocrx_word' id='word_1_30' title='bbox 1392 1066 1465 1142; x_wconf 84' lang='lat' dir='ltr'>est·</span> <span class='ocrx_word' id='word_1_31' title='bbox 1478 1091 1553 1142; x_wconf 82' lang='lat' dir='ltr'>noo</span> <span class='ocrx_word' id='word_1_32' title='bbox 1563 1091 1782 1144; x_wconf 76' lang='lat' dir='ltr'>eminere</span> 
     </span>
     <span class='ocr_line' id='line_1_5' title="bbox 446 1182 1784 1260; baseline -0.004 0"><span class='ocrx_word' id='word_1_33' title='bbox 446 1208 487 1260; x_wconf 80' lang='lat' dir='ltr'>ru</span> <span class='ocrx_word' id='word_1_34' title='bbox 506 1207 657 1260; x_wconf 81' lang='lat' dir='ltr'>uouiun</span> <span class='ocrx_word' id='word_1_35' title='bbox 675 1205 807 1258; x_wconf 75' lang='lat' dir='ltr'>ruinis</span> <span class='ocrx_word' id='word_1_36' title='bbox 824 1205 871 1256; x_wconf 84' lang='lat' dir='ltr'>nr</span> <span class='ocrx_word' id='word_1_37' title='bbox 890 1203 982 1255; x_wconf 85' lang='lat' dir='ltr'>rinu</span> <span class='ocrx_word' id='word_1_38' title='bbox 1001 1203 1050 1254; x_wconf 83' lang='lat' dir='ltr'>nr</span> <span class='ocrx_word' id='word_1_39' title='bbox 1066 1202 1239 1254; x_wconf 80' lang='lat' dir='ltr'>eriairue</span> <span class='ocrx_word' id='word_1_40' title='bbox 1255 1203 1390 1254; x_wconf 76' lang='lat' dir='ltr'>eiucri</span> <span class='ocrx_word' id='word_1_41' title='bbox 1407 1203 1515 1256; x_wconf 73' lang='lat' dir='ltr'>ueri</span> <span class='ocrx_word' id='word_1_42' title='bbox 1530 1225 1540 1240; x_wconf 92' lang='lat'><strong>·</strong></span> <span class='ocrx_word' id='word_1_43' title='bbox 1554 1182 1601 1255; x_wconf 92' lang='lat' dir='ltr'>In</span> <span class='ocrx_word' id='word_1_44' title='bbox 1617 1183 1784 1257; x_wconf 83' lang='lat' dir='ltr'>Romano</span> 
     </span>
     <span class='ocr_line' id='line_1_6' title="bbox 445 1291 1786 1392; baseline 0 -22"><span class='ocrx_word' id='word_1_45' title='bbox 445 1325 530 1373; x_wconf 85' lang='lat' dir='ltr'>vero</span> <span class='ocrx_word' id='word_1_46' title='bbox 547 1313 585 1372; x_wconf 85' lang='lat' dir='ltr'>et</span> <span class='ocrx_word' id='word_1_47' title='bbox 602 1301 712 1372; x_wconf 86' lang='lat' dir='ltr'>etiem</span> <span class='ocrx_word' id='word_1_48' title='bbox 732 1296 887 1392; x_wconf 82' lang='lat' dir='ltr'>Anglico</span> <span class='ocrx_word' id='word_1_49' title='bbox 911 1297 1095 1390; x_wconf 84' lang='lat' dir='ltr'>ydiomate</span> <span class='ocrx_word' id='word_1_50' title='bbox 1116 1291 1181 1366; x_wconf 89' lang='lat' dir='ltr'>snb</span> <span class='ocrx_word' id='word_1_51' title='bbox 1201 1297 1330 1368; x_wconf 86' lang='lat' dir='ltr'>eodem</span> <span class='ocrx_word' id='word_1_52' title='bbox 1355 1296 1470 1367; x_wconf 86' lang='lat' dir='ltr'>forma</span> <span class='ocrx_word' id='word_1_53' title='bbox 1494 1297 1648 1370; x_wconf 85' lang='lat' dir='ltr'>doceant</span> <span class='ocrx_word' id='word_1_54' title='bbox 1672 1296 1786 1370; x_wconf 82' lang='lat' dir='ltr'>sacer·</span> 
     </span>
     <span class='ocr_line' id='line_1_7' title="bbox 446 1405 1786 1506; baseline -0.004 -21"><span class='ocrx_word' id='word_1_55' title='bbox 446 1415 549 1486; x_wconf 88' lang='lat' dir='ltr'>dotee</span> <span class='ocrx_word' id='word_1_56' title='bbox 573 1415 780 1506; x_wconf 85' lang='lat' dir='ltr'>frequenter</span> <span class='ocrx_word' id='word_1_57' title='bbox 796 1405 947 1502; x_wconf 79' lang='lat' dir='ltr'>erpelle</span> <span class='ocrx_word' id='word_1_58' title='bbox 963 1419 1003 1481; x_wconf 86' lang='lat' dir='ltr'>et</span> <span class='ocrx_word' id='word_1_59' title='bbox 1020 1410 1153 1482; x_wconf 89' lang='lat' dir='ltr'>debere</span> <span class='ocrx_word' id='word_1_60' title='bbox 1169 1407 1206 1480; x_wconf 91' lang='lat' dir='ltr'>se</span> <span class='ocrx_word' id='word_1_61' title='bbox 1222 1409 1406 1502; x_wconf 83' lang='lat' dir='ltr'>baptizare</span> <span class='ocrx_word' id='word_1_62' title='bbox 1430 1431 1561 1501; x_wconf 88' lang='lat' dir='ltr'>pueroe</span> <span class='ocrx_word' id='word_1_63' title='bbox 1583 1411 1622 1480; x_wconf 93' lang='lat' dir='ltr'>in</span> <span class='ocrx_word' id='word_1_64' title='bbox 1638 1407 1786 1482; x_wconf 87' lang='lat' dir='ltr'>neeeffi-</span> 
     </span>
     <span class='ocr_line' id='line_1_8' title="bbox 446 1516 1784 1618; baseline -0.003 -20"><span class='ocrx_word' id='word_1_65' title='bbox 446 1537 524 1598; x_wconf 87' lang='lat' dir='ltr'>tate</span> <span class='ocrx_word' id='word_1_66' title='bbox 540 1563 549 1582; x_wconf 93' lang='lat'><strong>·</strong></span> <span class='ocrx_word' id='word_1_67' title='bbox 567 1525 617 1596; x_wconf 91' lang='lat' dir='ltr'>Et</span> <span class='ocrx_word' id='word_1_68' title='bbox 639 1533 743 1618; x_wconf 86' lang='lat' dir='ltr'>pater</span> <span class='ocrx_word' id='word_1_69' title='bbox 758 1533 798 1595; x_wconf 88' lang='lat' dir='ltr'>et</span> <span class='ocrx_word' id='word_1_70' title='bbox 813 1531 931 1594; x_wconf 89' lang='lat' dir='ltr'>mater</span> <span class='ocrx_word' id='word_1_71' title='bbox 955 1522 1142 1616; x_wconf 78' lang='lat' dir='ltr'>baptizent</span> <span class='ocrx_word' id='word_1_72' title='bbox 1157 1519 1274 1591; x_wconf 87' lang='lat' dir='ltr'>filium</span> <span class='ocrx_word' id='word_1_73' title='bbox 1289 1516 1395 1590; x_wconf 90' lang='lat' dir='ltr'>suum</span> <span class='ocrx_word' id='word_1_74' title='bbox 1411 1521 1450 1590; x_wconf 90' lang='lat' dir='ltr'>in</span> <span class='ocrx_word' id='word_1_75' title='bbox 1466 1518 1677 1594; x_wconf 86' lang='lat' dir='ltr'>neoeffitate</span> <span class='ocrx_word' id='word_1_76' title='bbox 1700 1545 1784 1594; x_wconf 87' lang='lat' dir='ltr'>oum</span> 
     </span>
     <span class='ocr_line' id='line_1_9' title="bbox 447 1629 1786 1730; baseline -0.003 -20"><span class='ocrx_word' id='word_1_77' title='bbox 447 1639 517 1710; x_wconf 85' lang='lat' dir='ltr'>elie</span> <span class='ocrx_word' id='word_1_78' title='bbox 534 1632 651 1709; x_wconf 86' lang='lat' dir='ltr'>desint</span> <span class='ocrx_word' id='word_1_79' title='bbox 675 1631 823 1730; x_wconf 89' lang='lat' dir='ltr'>persone</span> <span class='ocrx_word' id='word_1_80' title='bbox 840 1645 879 1704; x_wconf 87' lang='lat' dir='ltr'>et</span> <span class='ocrx_word' id='word_1_81' title='bbox 896 1629 970 1706; x_wconf 91' lang='lat' dir='ltr'>sine</span> <span class='ocrx_word' id='word_1_82' title='bbox 985 1633 1184 1728; x_wconf 90' lang='lat' dir='ltr'>preiudicio</span> <span class='ocrx_word' id='word_1_83' title='bbox 1209 1632 1430 1724; x_wconf 87' lang='lat' dir='ltr'>matrimonij</span> <span class='ocrx_word' id='word_1_84' title='bbox 1448 1671 1457 1688; x_wconf 89' lang='lat'><strong>·</strong></span> <span class='ocrx_word' id='word_1_85' title='bbox 1475 1631 1612 1704; x_wconf 78' lang='lat' dir='ltr'><strong>Fontes</strong></span> <span class='ocrx_word' id='word_1_86' title='bbox 1629 1630 1693 1705; x_wconf 91' lang='lat' dir='ltr'>snb</span> <span class='ocrx_word' id='word_1_87' title='bbox 1708 1631 1786 1706; x_wconf 86' lang='lat' dir='ltr'>sera</span> 
     </span>
     <span class='ocr_line' id='line_1_10' title="bbox 448 1741 1786 1822; baseline -0.001 -1"><span class='ocrx_word' id='word_1_88' title='bbox 448 1749 566 1822; x_wconf 87' lang='lat' dir='ltr'>clause</span> <span class='ocrx_word' id='word_1_89' title='bbox 582 1745 846 1821; x_wconf 85' lang='lat' dir='ltr'>custodiantur·</span> <span class='ocrx_word' id='word_1_90' title='bbox 857 1743 994 1818; x_wconf 88' lang='lat' dir='ltr'>Crisma</span> <span class='ocrx_word' id='word_1_91' title='bbox 1006 1741 1171 1818; x_wconf 85' lang='lat' dir='ltr'>similiter</span> <span class='ocrx_word' id='word_1_92' title='bbox 1182 1755 1222 1816; x_wconf 92' lang='lat' dir='ltr'>et</span> <span class='ocrx_word' id='word_1_93' title='bbox 1234 1742 1371 1816; x_wconf 85' lang='lat' dir='ltr'>sacrum</span> <span class='ocrx_word' id='word_1_94' title='bbox 1386 1745 1508 1816; x_wconf 88' lang='lat' dir='ltr'>oleum</span> <span class='ocrx_word' id='word_1_95' title='bbox 1520 1756 1560 1818; x_wconf 89' lang='lat' dir='ltr'>et</span> <span class='ocrx_word' id='word_1_96' title='bbox 1572 1743 1786 1820; x_wconf 73' lang='lat' dir='ltr'>eucharistia</span> 
     </span>
     <span class='ocr_line' id='line_1_11' title="bbox 447 1854 1786 1950; baseline -0.001 -18"><span class='ocrx_word' id='word_1_97' title='bbox 447 1860 511 1935; x_wconf 92' lang='lat' dir='ltr'>snb</span> <span class='ocrx_word' id='word_1_98' title='bbox 536 1862 639 1934; x_wconf 88' lang='lat' dir='ltr'>olene</span> <span class='ocrx_word' id='word_1_99' title='bbox 668 1855 914 1932; x_wconf 88' lang='lat' dir='ltr'>custodiantur</span> <span class='ocrx_word' id='word_1_100' title='bbox 930 1899 940 1916; x_wconf 92' lang='lat'><strong>·</strong></span> <span class='ocrx_word' id='word_1_101' title='bbox 958 1857 998 1930; x_wconf 89' lang='lat' dir='ltr'>Si</span> <span class='ocrx_word' id='word_1_102' title='bbox 1016 1880 1101 1930; x_wconf 84' lang='lat' dir='ltr'>vero</span> <span class='ocrx_word' id='word_1_103' title='bbox 1127 1857 1177 1950; x_wconf 87' lang='lat' dir='ltr'>bij</span> <span class='ocrx_word' id='word_1_104' title='bbox 1203 1857 1250 1928; x_wconf 87' lang='lat' dir='ltr'>ad</span> <span class='ocrx_word' id='word_1_105' title='bbox 1276 1879 1367 1948; x_wconf 84' lang='lat' dir='ltr'>quoe</span> <span class='ocrx_word' id='word_1_106' title='bbox 1392 1855 1529 1950; x_wconf 77' lang='lat' dir='ltr'>spebtot</span> <span class='ocrx_word' id='word_1_107' title='bbox 1557 1854 1717 1930; x_wconf 86' lang='lat' dir='ltr'>custodia</span> <span class='ocrx_word' id='word_1_108' title='bbox 1740 1883 1786 1931; x_wconf 81' lang='lat' dir='ltr'>ea</span> 
     </span>
     <span class='ocr_line' id='line_1_12' title="bbox 448 1966 1786 2064; baseline -0.002 -19"><span class='ocrx_word' id='word_1_109' title='bbox 448 1978 593 2046; x_wconf 87' lang='lat' dir='ltr'>incaute</span> <span class='ocrx_word' id='word_1_110' title='bbox 617 1971 829 2064; x_wconf 81' lang='lat' dir='ltr'>reliquerint</span> <span class='ocrx_word' id='word_1_111' title='bbox 853 1970 969 2042; x_wconf 82' lang='lat' dir='ltr'>tribus</span> <span class='ocrx_word' id='word_1_112' title='bbox 997 1966 1179 2043; x_wconf 81' lang='lat' dir='ltr'>mensibus</span> <span class='ocrx_word' id='word_1_113' title='bbox 1201 1969 1248 2041; x_wconf 87' lang='lat' dir='ltr'>ab</span> <span class='ocrx_word' id='word_1_114' title='bbox 1271 1967 1388 2041; x_wconf 87' lang='lat' dir='ltr'>officio</span> <span class='ocrx_word' id='word_1_115' title='bbox 1413 1966 1673 2063; x_wconf 87' lang='lat' dir='ltr'>suspendantur</span> <span class='ocrx_word' id='word_1_116' title='bbox 1695 1980 1735 2042; x_wconf 88' lang='lat' dir='ltr'>et</span> <span class='ocrx_word' id='word_1_117' title='bbox 1756 1969 1786 2042; x_wconf 82' lang='lat' dir='ltr'>fi</span> 
     </span>
     <span class='ocr_line' id='line_1_13' title="bbox 447 2081 1785 2180; baseline -0.003 -22"><span class='ocrx_word' id='word_1_118' title='bbox 447 2109 511 2180; x_wconf 91' lang='lat' dir='ltr'>per</span> <span class='ocrx_word' id='word_1_119' title='bbox 535 2107 658 2158; x_wconf 90' lang='lat' dir='ltr'>eorum</span> <span class='ocrx_word' id='word_1_120' title='bbox 689 2083 863 2155; x_wconf 87' lang='lat' dir='ltr'>incuriam</span> <span class='ocrx_word' id='word_1_121' title='bbox 893 2082 1029 2176; x_wconf 87' lang='lat' dir='ltr'>eliquid</span> <span class='ocrx_word' id='word_1_122' title='bbox 1057 2083 1271 2176; x_wconf 80' lang='lat' dir='ltr'>nepharium</span> <span class='ocrx_word' id='word_1_123' title='bbox 1300 2081 1385 2152; x_wconf 94' lang='lat' dir='ltr'>inde</span> <span class='ocrx_word' id='word_1_124' title='bbox 1411 2083 1605 2176; x_wconf 83' lang='lat' dir='ltr'>contigerit</span> <span class='ocrx_word' id='word_1_125' title='bbox 1629 2085 1785 2178; x_wconf 79' lang='lat' dir='ltr'>grauiori</span> 
     </span>
     <span class='ocr_line' id='line_1_14' title="bbox 448 2191 1787 2289; baseline 0 -21"><span class='ocrx_word' id='word_1_126' title='bbox 448 2197 654 2270; x_wconf 81' lang='lat' dir='ltr'>subiaceant</span> <span class='ocrx_word' id='word_1_127' title='bbox 682 2194 811 2268; x_wconf 81' lang='lat' dir='ltr'>iltioni</span> <span class='ocrx_word' id='word_1_128' title='bbox 840 2233 849 2251; x_wconf 95' lang='lat'><strong>·</strong></span> <span class='ocrx_word' id='word_1_129' title='bbox 879 2191 1138 2289; x_wconf 82' lang='lat' dir='ltr'>Baptisterinm</span> <span class='ocrx_word' id='word_1_130' title='bbox 1172 2193 1348 2266; x_wconf 82' lang='lat' dir='ltr'>babeetur</span> <span class='ocrx_word' id='word_1_131' title='bbox 1377 2195 1414 2265; x_wconf 90' lang='lat' dir='ltr'>in</span> <span class='ocrx_word' id='word_1_132' title='bbox 1444 2195 1607 2288; x_wconf 83' lang='lat' dir='ltr'>qnalibet</span> <span class='ocrx_word' id='word_1_133' title='bbox 1636 2193 1787 2268; x_wconf 79' lang='lat' dir='ltr'>ecclelia</span> 
     </span>
     <span class='ocr_line' id='line_1_15' title="bbox 448 2307 1787 2404; baseline -0.001 -22"><span class='ocrx_word' id='word_1_134' title='bbox 448 2307 650 2404; x_wconf 86' lang='lat' dir='ltr'>baptismali</span> <span class='ocrx_word' id='word_1_135' title='bbox 675 2308 857 2403; x_wconf 82' lang='lat' dir='ltr'>lapideum</span> <span class='ocrx_word' id='word_1_136' title='bbox 876 2307 934 2378; x_wconf 85' lang='lat' dir='ltr'>vel</span> <span class='ocrx_word' id='word_1_137' title='bbox 952 2307 1113 2401; x_wconf 84' lang='lat' dir='ltr'>ligneum</span> <span class='ocrx_word' id='word_1_138' title='bbox 1130 2317 1341 2400; x_wconf 78' lang='lat' dir='ltr'>competens</span> <span class='ocrx_word' id='word_1_139' title='bbox 1357 2307 1453 2399; x_wconf 91' lang='lat' dir='ltr'>quod</span> <span class='ocrx_word' id='word_1_140' title='bbox 1471 2307 1642 2380; x_wconf 89' lang='lat' dir='ltr'>decenter</span> <span class='ocrx_word' id='word_1_141' title='bbox 1658 2332 1787 2402; x_wconf 86' lang='lat' dir='ltr'>coope-</span> 
     </span>
     <span class='ocr_line' id='line_1_16' title="bbox 447 2415 1782 2494; baseline -0.002 0"><span class='ocrx_word' id='word_1_142' title='bbox 447 2425 561 2494; x_wconf 86' lang='lat' dir='ltr'>rietur</span> <span class='ocrx_word' id='word_1_143' title='bbox 577 2433 615 2492; x_wconf 86' lang='lat' dir='ltr'>et</span> <span class='ocrx_word' id='word_1_144' title='bbox 631 2430 841 2492; x_wconf 88' lang='lat' dir='ltr'>reuerenter</span> <span class='ocrx_word' id='word_1_145' title='bbox 865 2416 1098 2490; x_wconf 87' lang='lat' dir='ltr'>conseruetur</span> <span class='ocrx_word' id='word_1_146' title='bbox 1113 2428 1153 2490; x_wconf 91' lang='lat' dir='ltr'>et</span> <span class='ocrx_word' id='word_1_147' title='bbox 1169 2419 1207 2488; x_wconf 93' lang='lat' dir='ltr'>in</span> <span class='ocrx_word' id='word_1_148' title='bbox 1223 2417 1313 2490; x_wconf 82' lang='lat' dir='ltr'>alios</span> <span class='ocrx_word' id='word_1_149' title='bbox 1330 2415 1411 2490; x_wconf 80' lang='lat' dir='ltr'>isne</span> <span class='ocrx_word' id='word_1_150' title='bbox 1433 2441 1506 2490; x_wconf 90' lang='lat' dir='ltr'>nen</span> <span class='ocrx_word' id='word_1_151' title='bbox 1523 2430 1782 2493; x_wconf 82' lang='lat' dir='ltr'>conuertatur·</span> 
     </span>
     <span class='ocr_line' id='line_1_17' title="bbox 448 2527 1787 2628; baseline 0 -22"><span class='ocrx_word' id='word_1_152' title='bbox 448 2535 557 2628; x_wconf 85' lang='lat' dir='ltr'>Aqua</span> <span class='ocrx_word' id='word_1_153' title='bbox 569 2535 607 2604; x_wconf 92' lang='lat' dir='ltr'>in</span> <span class='ocrx_word' id='word_1_154' title='bbox 620 2555 692 2625; x_wconf 89' lang='lat' dir='ltr'>qua</span> <span class='ocrx_word' id='word_1_155' title='bbox 704 2531 907 2624; x_wconf 79' lang='lat' dir='ltr'>baptizatur</span> <span class='ocrx_word' id='word_1_156' title='bbox 920 2531 1030 2602; x_wconf 87' lang='lat' dir='ltr'>suerit</span> <span class='ocrx_word' id='word_1_157' title='bbox 1045 2553 1137 2625; x_wconf 93' lang='lat' dir='ltr'>puer</span> <span class='ocrx_word' id='word_1_158' title='bbox 1148 2529 1243 2602; x_wconf 85' lang='lat' dir='ltr'>vltra</span> <span class='ocrx_word' id='word_1_159' title='bbox 1254 2527 1393 2626; x_wconf 85' lang='lat' dir='ltr'>septem</span> <span class='ocrx_word' id='word_1_160' title='bbox 1406 2531 1483 2604; x_wconf 82' lang='lat' dir='ltr'>dice</span> <span class='ocrx_word' id='word_1_161' title='bbox 1499 2533 1537 2604; x_wconf 91' lang='lat' dir='ltr'>in</span> <span class='ocrx_word' id='word_1_162' title='bbox 1550 2533 1787 2626; x_wconf 80' lang='lat' dir='ltr'>baptizaterio</span> 
     </span>
     <span class='ocr_line' id='line_1_18' title="bbox 447 2641 1788 2740; baseline 0.003 -24"><span class='ocrx_word' id='word_1_163' title='bbox 447 2669 521 2716; x_wconf 92' lang='lat' dir='ltr'>non</span> <span class='ocrx_word' id='word_1_164' title='bbox 546 2642 732 2715; x_wconf 84' lang='lat' dir='ltr'>seruetur·</span> <span class='ocrx_word' id='word_1_165' title='bbox 750 2641 790 2714; x_wconf 92' lang='lat' dir='ltr'>Si</span> <span class='ocrx_word' id='word_1_166' title='bbox 816 2663 901 2712; x_wconf 85' lang='lat' dir='ltr'>vero</span> <span class='ocrx_word' id='word_1_167' title='bbox 927 2665 1018 2736; x_wconf 89' lang='lat' dir='ltr'>puer</span> <span class='ocrx_word' id='word_1_168' title='bbox 1041 2667 1065 2715; x_wconf 86' lang='lat' dir='ltr'>a</span> <span class='ocrx_word' id='word_1_169' title='bbox 1088 2643 1181 2714; x_wconf 88' lang='lat' dir='ltr'>laico</span> <span class='ocrx_word' id='word_1_170' title='bbox 1206 2643 1304 2714; x_wconf 92' lang='lat' dir='ltr'>domi</span> <span class='ocrx_word' id='word_1_171' title='bbox 1331 2643 1535 2736; x_wconf 77' lang='lat' dir='ltr'>baptizetur</span> <span class='ocrx_word' id='word_1_172' title='bbox 1560 2646 1669 2718; x_wconf 84' lang='lat' dir='ltr'>fuerit</span> <span class='ocrx_word' id='word_1_173' title='bbox 1693 2671 1788 2740; x_wconf 85' lang='lat' dir='ltr'>aqua</span> 
     </span>
     <span class='ocr_line' id='line_1_19' title="bbox 447 2753 1789 2852; baseline 0.004 -24"><span class='ocrx_word' id='word_1_174' title='bbox 447 2769 596 2852; x_wconf 88' lang='lat' dir='ltr'>propter</span> <span class='ocrx_word' id='word_1_175' title='bbox 617 2757 857 2828; x_wconf 84' lang='lat' dir='ltr'>reuerentiam</span> <span class='ocrx_word' id='word_1_176' title='bbox 881 2753 1048 2848; x_wconf 78' lang='lat' dir='ltr'>baptismi</span> <span class='ocrx_word' id='word_1_177' title='bbox 1065 2755 1123 2826; x_wconf 86' lang='lat' dir='ltr'>vel</span> <span class='ocrx_word' id='word_1_178' title='bbox 1146 2757 1185 2828; x_wconf 92' lang='lat' dir='ltr'>in</span> <span class='ocrx_word' id='word_1_179' title='bbox 1207 2756 1329 2850; x_wconf 80' lang='lat' dir='ltr'>ignem</span> <span class='ocrx_word' id='word_1_180' title='bbox 1346 2757 1518 2828; x_wconf 86' lang='lat' dir='ltr'>fundatur</span> <span class='ocrx_word' id='word_1_181' title='bbox 1534 2758 1655 2830; x_wconf 82' lang='lat' dir='ltr'>velud</span> <span class='ocrx_word' id='word_1_182' title='bbox 1672 2761 1789 2834; x_wconf 90' lang='lat' dir='ltr'>ecole-</span> 
     </span>
     <span class='ocr_line' id='line_1_20' title="bbox 447 2865 1787 2966; baseline 0.002 -25"><span class='ocrx_word' id='word_1_183' title='bbox 447 2866 534 2942; x_wconf 89' lang='lat' dir='ltr'>siem</span> <span class='ocrx_word' id='word_1_184' title='bbox 560 2868 743 2940; x_wconf 84' lang='lat' dir='ltr'>deseretur</span> <span class='ocrx_word' id='word_1_185' title='bbox 767 2869 805 2937; x_wconf 93' lang='lat' dir='ltr'>in</span> <span class='ocrx_word' id='word_1_186' title='bbox 830 2865 1079 2960; x_wconf 85' lang='lat' dir='ltr'>baptisterium</span> <span class='ocrx_word' id='word_1_187' title='bbox 1105 2868 1288 2940; x_wconf 85' lang='lat' dir='ltr'>fundenda</span> <span class='ocrx_word' id='word_1_188' title='bbox 1307 2907 1317 2926; x_wconf 87' lang='lat'><strong>·</strong></span> <span class='ocrx_word' id='word_1_189' title='bbox 1335 2866 1432 2940; x_wconf 83' lang='lat' dir='ltr'>Item</span> <span class='ocrx_word' id='word_1_190' title='bbox 1450 2891 1512 2942; x_wconf 82' lang='lat' dir='ltr'>ves</span> <span class='ocrx_word' id='word_1_191' title='bbox 1536 2870 1626 2943; x_wconf 90' lang='lat' dir='ltr'>illud</span> <span class='ocrx_word' id='word_1_192' title='bbox 1651 2874 1689 2944; x_wconf 92' lang='lat' dir='ltr'>in</span> <span class='ocrx_word' id='word_1_193' title='bbox 1713 2897 1787 2966; x_wconf 91' lang='lat' dir='ltr'>qno</span> 
     </span>
     <span class='ocr_line' id='line_1_21' title="bbox 448 2977 1789 3079; baseline 0.002 -25"><span class='ocrx_word' id='word_1_194' title='bbox 448 2983 650 3075; x_wconf 81' lang='lat' dir='ltr'>baptizatus</span> <span class='ocrx_word' id='word_1_195' title='bbox 667 2980 778 3052; x_wconf 84' lang='lat' dir='ltr'>suerit</span> <span class='ocrx_word' id='word_1_196' title='bbox 795 2977 851 3050; x_wconf 86' lang='lat' dir='ltr'>vel</span> <span class='ocrx_word' id='word_1_197' title='bbox 871 2981 908 3051; x_wconf 93' lang='lat' dir='ltr'>in</span> <span class='ocrx_word' id='word_1_198' title='bbox 926 2981 1010 3074; x_wconf 84' lang='lat' dir='ltr'>igue</span> <span class='ocrx_word' id='word_1_199' title='bbox 1026 2981 1259 3052; x_wconf 85' lang='lat' dir='ltr'>comburetur</span> <span class='ocrx_word' id='word_1_200' title='bbox 1274 2980 1334 3051; x_wconf 80' lang='lat' dir='ltr'>iel</span> <span class='ocrx_word' id='word_1_201' title='bbox 1350 2980 1395 3051; x_wconf 89' lang='lat' dir='ltr'>ad</span> <span class='ocrx_word' id='word_1_202' title='bbox 1413 2979 1494 3053; x_wconf 76' lang='lat' dir='ltr'>isus</span> <span class='ocrx_word' id='word_1_203' title='bbox 1510 2979 1660 3056; x_wconf 83' lang='lat' dir='ltr'>ecclesie</span> <span class='ocrx_word' id='word_1_204' title='bbox 1676 2986 1789 3079; x_wconf 86' lang='lat' dir='ltr'>depu-</span> 
     </span>
     <span class='ocr_line' id='line_1_22' title="bbox 448 3087 1787 3188; baseline 0.004 -23"><span class='ocrx_word' id='word_1_205' title='bbox 448 3103 565 3165; x_wconf 83' lang='lat' dir='ltr'>tetur·</span> <span class='ocrx_word' id='word_1_206' title='bbox 577 3093 671 3164; x_wconf 92' lang='lat' dir='ltr'>Cum</span> <span class='ocrx_word' id='word_1_207' title='bbox 682 3106 804 3163; x_wconf 87' lang='lat' dir='ltr'>eutem</span> <span class='ocrx_word' id='word_1_208' title='bbox 817 3091 928 3163; x_wconf 82' lang='lat' dir='ltr'>laicus</span> <span class='ocrx_word' id='word_1_209' title='bbox 941 3093 977 3162; x_wconf 94' lang='lat' dir='ltr'>iu</span> <span class='ocrx_word' id='word_1_210' title='bbox 992 3087 1202 3165; x_wconf 86' lang='lat' dir='ltr'>neceffitete</span> <span class='ocrx_word' id='word_1_211' title='bbox 1211 3093 1449 3185; x_wconf 83' lang='lat' dir='ltr'>baptizauerit</span> <span class='ocrx_word' id='word_1_212' title='bbox 1462 3117 1614 3188; x_wconf 90' lang='lat' dir='ltr'>puerum</span> <span class='ocrx_word' id='word_1_213' title='bbox 1624 3095 1787 3170; x_wconf 85' lang='lat' dir='ltr'>snoerdoa</span> 
     </span>
     <span class='ocr_line' id='line_1_23' title="bbox 448 3203 1786 3299; baseline 0.005 -23"><span class='ocrx_word' id='word_1_214' title='bbox 448 3203 570 3299; x_wconf 86' lang='lat' dir='ltr'>postea</span> <span class='ocrx_word' id='word_1_215' title='bbox 595 3204 788 3299; x_wconf 82' lang='lat' dir='ltr'>diligenter</span> <span class='ocrx_word' id='word_1_216' title='bbox 812 3205 969 3296; x_wconf 85' lang='lat' dir='ltr'>inquiret</span> <span class='ocrx_word' id='word_1_217' title='bbox 986 3205 1033 3277; x_wconf 86' lang='lat' dir='ltr'>ab</span> <span class='ocrx_word' id='word_1_218' title='bbox 1049 3229 1093 3278; x_wconf 90' lang='lat' dir='ltr'>eo</span> <span class='ocrx_word' id='word_1_219' title='bbox 1109 3205 1196 3298; x_wconf 89' lang='lat' dir='ltr'>quid</span> <span class='ocrx_word' id='word_1_220' title='bbox 1213 3205 1348 3276; x_wconf 83' lang='lat' dir='ltr'>dixerit</span> <span class='ocrx_word' id='word_1_221' title='bbox 1367 3216 1432 3278; x_wconf 88' lang='lat' dir='ltr'>aut</span> <span class='ocrx_word' id='word_1_222' title='bbox 1448 3208 1535 3299; x_wconf 90' lang='lat' dir='ltr'>quid</span> <span class='ocrx_word' id='word_1_223' title='bbox 1559 3211 1686 3282; x_wconf 83' lang='lat' dir='ltr'>feeerit</span> <span class='ocrx_word' id='word_1_224' title='bbox 1702 3220 1741 3282; x_wconf 94' lang='lat' dir='ltr'>et</span> <span class='ocrx_word' id='word_1_225' title='bbox 1758 3208 1786 3282; x_wconf 83' lang='lat' dir='ltr'><strong>fi</strong></span> 
     </span>
     <span class='ocr_line' id='line_1_24' title="bbox 448 3314 1788 3416; baseline 0.004 -27"><span class='ocrx_word' id='word_1_226' title='bbox 448 3319 610 3389; x_wconf 88' lang='lat' dir='ltr'>inueniat</span> <span class='ocrx_word' id='word_1_227' title='bbox 636 3316 767 3388; x_wconf 88' lang='lat' dir='ltr'>laicum</span> <span class='ocrx_word' id='word_1_228' title='bbox 785 3315 937 3388; x_wconf 82' lang='lat' dir='ltr'>discrete</span> <span class='ocrx_word' id='word_1_229' title='bbox 954 3319 1066 3390; x_wconf 91' lang='lat' dir='ltr'>etiam</span> <span class='ocrx_word' id='word_1_230' title='bbox 1082 3319 1120 3389; x_wconf 93' lang='lat' dir='ltr'>in</span> <span class='ocrx_word' id='word_1_231' title='bbox 1137 3318 1255 3389; x_wconf 86' lang='lat' dir='ltr'>forma</span> <span class='ocrx_word' id='word_1_232' title='bbox 1270 3314 1420 3390; x_wconf 79' lang='lat' dir='ltr'>ecclesie</span> <span class='ocrx_word' id='word_1_233' title='bbox 1436 3317 1627 3414; x_wconf 77' lang='lat' dir='ltr'>baptizasse</span> <span class='ocrx_word' id='word_1_234' title='bbox 1643 3325 1681 3394; x_wconf 91' lang='lat' dir='ltr'>in</span> <span class='ocrx_word' id='word_1_235' title='bbox 1698 3346 1788 3416; x_wconf 89' lang='lat' dir='ltr'>qno-</span> 
     </span>
     <span class='ocr_line' id='line_1_25' title="bbox 448 3426 1789 3529; baseline 0.005 -27"><span class='ocrx_word' id='word_1_236' title='bbox 448 3453 589 3522; x_wconf 88' lang='lat' dir='ltr'>ounque</span> <span class='ocrx_word' id='word_1_237' title='bbox 602 3429 783 3522; x_wconf 86' lang='lat' dir='ltr'>ydiomete</span> <span class='ocrx_word' id='word_1_238' title='bbox 801 3431 975 3522; x_wconf 79' lang='lat' dir='ltr'>approbet</span> <span class='ocrx_word' id='word_1_239' title='bbox 987 3431 1122 3502; x_wconf 70' lang='lat' dir='ltr'>saltum</span> <span class='ocrx_word' id='word_1_240' title='bbox 1135 3471 1145 3488; x_wconf 92' lang='lat'><strong>·</strong></span> <span class='ocrx_word' id='word_1_241' title='bbox 1159 3426 1213 3502; x_wconf 90' lang='lat' dir='ltr'>sin</span> <span class='ocrx_word' id='word_1_242' title='bbox 1226 3441 1350 3502; x_wconf 87' lang='lat' dir='ltr'>autem</span> <span class='ocrx_word' id='word_1_243' title='bbox 1362 3429 1436 3525; x_wconf 91' lang='lat' dir='ltr'>ipse</span> <span class='ocrx_word' id='word_1_244' title='bbox 1448 3429 1610 3506; x_wconf 80' lang='lat' dir='ltr'>sacerdos</span> <span class='ocrx_word' id='word_1_245' title='bbox 1626 3435 1789 3529; x_wconf 80' lang='lat' dir='ltr'>baptizat</span> 
     </span>
     <span class='ocr_line' id='line_1_26' title="bbox 448 3536 1789 3637; baseline 0.005 -24"><span class='ocrx_word' id='word_1_246' title='bbox 448 3565 599 3637; x_wconf 90' lang='lat' dir='ltr'>puerum</span> <span class='ocrx_word' id='word_1_247' title='bbox 612 3536 660 3611; x_wconf 89' lang='lat' dir='ltr'>sic</span> <span class='ocrx_word' id='word_1_248' title='bbox 678 3541 830 3612; x_wconf 85' lang='lat' dir='ltr'>dicendo</span> <span class='ocrx_word' id='word_1_249' title='bbox 844 3580 852 3596; x_wconf 93' lang='lat'><strong>·</strong></span> <span class='ocrx_word' id='word_1_250' title='bbox 868 3561 905 3612; x_wconf 77' lang='lat' dir='ltr'>u.</span> <span class='ocrx_word' id='word_1_251' title='bbox 924 3561 1004 3613; x_wconf 80' lang='lat' dir='ltr'>riori</span> <span class='ocrx_word' id='word_1_252' title='bbox 1021 3562 1071 3613; x_wconf 81' lang='lat' dir='ltr'>nu</span> <span class='ocrx_word' id='word_1_253' title='bbox 1087 3562 1248 3614; x_wconf 70' lang='lat' dir='ltr'>neruine</span> <span class='ocrx_word' id='word_1_254' title='bbox 1265 3563 1332 3614; x_wconf 81' lang='lat' dir='ltr'>ann</span> <span class='ocrx_word' id='word_1_255' title='bbox 1348 3563 1382 3614; x_wconf 85' lang='lat' dir='ltr'>ai</span> <span class='ocrx_word' id='word_1_256' title='bbox 1400 3564 1480 3616; x_wconf 79' lang='lat' dir='ltr'>riori</span> <span class='ocrx_word' id='word_1_257' title='bbox 1498 3565 1541 3616; x_wconf 81' lang='lat' dir='ltr'>na</span> <span class='ocrx_word' id='word_1_258' title='bbox 1557 3566 1789 3620; x_wconf 68' lang='lat' dir='ltr'>nummus</span> 
     </span>
     <span class='ocr_line' id='line_1_27' title="bbox 449 3671 1787 3732; baseline 0.005 -7"><span class='ocrx_word' id='word_1_259' title='bbox 449 3674 607 3726; x_wconf 73' lang='lat' dir='ltr'>nuruizo</span> <span class='ocrx_word' id='word_1_260' title='bbox 625 3671 673 3722; x_wconf 86' lang='lat' dir='ltr'>ru</span> <span class='ocrx_word' id='word_1_261' title='bbox 691 3671 734 3722; x_wconf 78' lang='lat' dir='ltr'>iri</span> <span class='ocrx_word' id='word_1_262' title='bbox 752 3671 904 3723; x_wconf 81' lang='lat' dir='ltr'>riouuin</span> <span class='ocrx_word' id='word_1_263' title='bbox 923 3673 1056 3724; x_wconf 75' lang='lat' dir='ltr'>rareio</span> <span class='ocrx_word' id='word_1_264' title='bbox 1072 3674 1120 3726; x_wconf 81' lang='lat' dir='ltr'>nn</span> <span class='ocrx_word' id='word_1_265' title='bbox 1137 3675 1231 3726; x_wconf 77' lang='lat' dir='ltr'>ninii</span> <span class='ocrx_word' id='word_1_266' title='bbox 1249 3675 1297 3726; x_wconf 84' lang='lat' dir='ltr'>nr</span> <span class='ocrx_word' id='word_1_267' title='bbox 1314 3676 1487 3729; x_wconf 79' lang='lat' dir='ltr'>arinirua</span> <span class='ocrx_word' id='word_1_268' title='bbox 1503 3678 1637 3730; x_wconf 77' lang='lat' dir='ltr'>saucii</span> <span class='ocrx_word' id='word_1_269' title='bbox 1656 3681 1787 3732; x_wconf 79' lang='lat' dir='ltr'>aunu-</span> 
     </span>
     <span class='ocr_line' id='line_1_28' title="bbox 449 3762 1790 3866; baseline 0.004 -27"><span class='ocrx_word' id='word_1_270' title='bbox 449 3768 527 3839; x_wconf 90' lang='lat' dir='ltr'>Sub</span> <span class='ocrx_word' id='word_1_271' title='bbox 543 3762 610 3837; x_wconf 82' lang='lat' dir='ltr'>ista</span> <span class='ocrx_word' id='word_1_272' title='bbox 626 3765 741 3836; x_wconf 84' lang='lat' dir='ltr'>forma</span> <span class='ocrx_word' id='word_1_273' title='bbox 756 3765 858 3857; x_wconf 89' lang='lat' dir='ltr'>pueri</span> <span class='ocrx_word' id='word_1_274' title='bbox 876 3765 921 3835; x_wconf 92' lang='lat' dir='ltr'>de</span> <span class='ocrx_word' id='word_1_275' title='bbox 938 3767 1068 3858; x_wconf 83' lang='lat' dir='ltr'>quibui</span> <span class='ocrx_word' id='word_1_276' title='bbox 1086 3767 1237 3839; x_wconf 90' lang='lat' dir='ltr'>dubium</span> <span class='ocrx_word' id='word_1_277' title='bbox 1253 3765 1307 3839; x_wconf 90' lang='lat' dir='ltr'>est</span> <span class='ocrx_word' id='word_1_278' title='bbox 1323 3791 1370 3840; x_wconf 85' lang='lat' dir='ltr'>an</span> <span class='ocrx_word' id='word_1_279' title='bbox 1388 3765 1459 3842; x_wconf 86' lang='lat' dir='ltr'>sint</span> <span class='ocrx_word' id='word_1_280' title='bbox 1475 3771 1648 3863; x_wconf 80' lang='lat' dir='ltr'>baptizati</span> <span class='ocrx_word' id='word_1_281' title='bbox 1671 3773 1790 3866; x_wconf 88' lang='lat' dir='ltr'>bapti-</span> 
     </span>
     <span class='ocr_line' id='line_1_29' title="bbox 448 3874 1789 3974; baseline 0.004 -22"><span class='ocrx_word' id='word_1_282' title='bbox 448 3891 597 3952; x_wconf 84' lang='lat' dir='ltr'>zentur·</span> <span class='ocrx_word' id='word_1_283' title='bbox 611 3877 704 3948; x_wconf 85' lang='lat' dir='ltr'>Cum</span> <span class='ocrx_word' id='word_1_284' title='bbox 718 3899 802 3947; x_wconf 84' lang='lat' dir='ltr'>vero</span> <span class='ocrx_word' id='word_1_285' title='bbox 815 3901 836 3947; x_wconf 88' lang='lat' dir='ltr'>a</span> <span class='ocrx_word' id='word_1_286' title='bbox 849 3874 940 3948; x_wconf 82' lang='lat' dir='ltr'>laico</span> <span class='ocrx_word' id='word_1_287' title='bbox 957 3878 1162 3971; x_wconf 76' lang='lat' dir='ltr'>baptizatus</span> <span class='ocrx_word' id='word_1_288' title='bbox 1174 3880 1284 3950; x_wconf 84' lang='lat' dir='ltr'>fuerit</span> <span class='ocrx_word' id='word_1_289' title='bbox 1301 3881 1419 3953; x_wconf 83' lang='lat' dir='ltr'>insane</span> <span class='ocrx_word' id='word_1_290' title='bbox 1435 3879 1663 3974; x_wconf 90' lang='lat' dir='ltr'>postmodnm</span> <span class='ocrx_word' id='word_1_291' title='bbox 1675 3884 1789 3957; x_wconf 80' lang='lat' dir='ltr'>allato</span> 
     </span>
     <span class='ocr_line' id='line_1_30' title="bbox 446 3985 1791 4088; baseline 0.005 -24"><span class='ocrx_word' id='word_1_292' title='bbox 446 4015 558 4088; x_wconf 90' lang='lat' dir='ltr'>puero</span> <span class='ocrx_word' id='word_1_293' title='bbox 583 3991 629 4062; x_wconf 87' lang='lat' dir='ltr'>ad</span> <span class='ocrx_word' id='word_1_294' title='bbox 654 3991 747 4061; x_wconf 83' lang='lat' dir='ltr'>soree</span> <span class='ocrx_word' id='word_1_295' title='bbox 773 3985 921 4060; x_wconf 81' lang='lat' dir='ltr'>ecclesie</span> <span class='ocrx_word' id='word_1_296' title='bbox 946 3988 1155 4084; x_wconf 84' lang='lat' dir='ltr'>supplentur</span> <span class='ocrx_word' id='word_1_297' title='bbox 1170 4015 1194 4063; x_wconf 87' lang='lat' dir='ltr'>a</span> <span class='ocrx_word' id='word_1_298' title='bbox 1209 3989 1393 4064; x_wconf 84' lang='lat' dir='ltr'>sacerdote</span> <span class='ocrx_word' id='word_1_299' title='bbox 1410 3994 1506 4086; x_wconf 90' lang='lat' dir='ltr'>quod</span> <span class='ocrx_word' id='word_1_300' title='bbox 1530 3990 1630 4066; x_wconf 91' lang='lat' dir='ltr'>deest</span> <span class='ocrx_word' id='word_1_301' title='bbox 1652 3993 1791 4070; x_wconf 86' lang='lat' dir='ltr'>scilicet</span> 
     </span>
     <span class='ocr_line' id='line_1_31' title="bbox 447 4098 1789 4200; baseline 0.005 -25"><span class='ocrx_word' id='word_1_302' title='bbox 447 4103 619 4200; x_wconf 88' lang='lat' dir='ltr'>papulum</span> <span class='ocrx_word' id='word_1_303' title='bbox 637 4098 719 4173; x_wconf 84' lang='lat' dir='ltr'>solie</span> <span class='ocrx_word' id='word_1_304' title='bbox 736 4114 774 4173; x_wconf 89' lang='lat' dir='ltr'>et</span> <span class='ocrx_word' id='word_1_305' title='bbox 791 4103 931 4172; x_wconf 88' lang='lat' dir='ltr'>aurium</span> <span class='ocrx_word' id='word_1_306' title='bbox 949 4111 987 4174; x_wconf 90' lang='lat' dir='ltr'>et</span> <span class='ocrx_word' id='word_1_307' title='bbox 1009 4104 1151 4174; x_wconf 72' lang='lat' dir='ltr'>nanum</span> <span class='ocrx_word' id='word_1_308' title='bbox 1176 4103 1298 4176; x_wconf 85' lang='lat' dir='ltr'>linicio</span> <span class='ocrx_word' id='word_1_309' title='bbox 1323 4127 1405 4176; x_wconf 87' lang='lat' dir='ltr'>cnm</span> <span class='ocrx_word' id='word_1_310' title='bbox 1431 4103 1544 4178; x_wconf 87' lang='lat' dir='ltr'>saliua</span> <span class='ocrx_word' id='word_1_311' title='bbox 1560 4145 1569 4163; x_wconf 89' lang='lat'><strong>·</strong></span> <span class='ocrx_word' id='word_1_312' title='bbox 1587 4107 1789 4182; x_wconf 85' lang='lat' dir='ltr'>Exorcismi</span> 
     </span>
     <span class='ocr_line' id='line_1_32' title="bbox 447 4214 1790 4311; baseline 0.004 -23"><span class='ocrx_word' id='word_1_313' title='bbox 447 4221 556 4288; x_wconf 84' lang='lat' dir='ltr'>etiam</span> <span class='ocrx_word' id='word_1_314' title='bbox 575 4214 743 4286; x_wconf 86' lang='lat' dir='ltr'>dicentur</span> <span class='ocrx_word' id='word_1_315' title='bbox 758 4227 797 4285; x_wconf 87' lang='lat' dir='ltr'>et</span> <span class='ocrx_word' id='word_1_316' title='bbox 814 4215 859 4285; x_wconf 90' lang='lat' dir='ltr'>ad</span> <span class='ocrx_word' id='word_1_317' title='bbox 876 4215 997 4287; x_wconf 82' lang='lat' dir='ltr'>sontes</span> <span class='ocrx_word' id='word_1_318' title='bbox 1015 4216 1137 4286; x_wconf 86' lang='lat' dir='ltr'>emnia</span> <span class='ocrx_word' id='word_1_319' title='bbox 1155 4216 1245 4288; x_wconf 86' lang='lat' dir='ltr'>fiant</span> <span class='ocrx_word' id='word_1_320' title='bbox 1268 4239 1380 4309; x_wconf 92' lang='lat' dir='ltr'>puero</span> <span class='ocrx_word' id='word_1_321' title='bbox 1396 4241 1468 4311; x_wconf 89' lang='lat' dir='ltr'>que</span> <span class='ocrx_word' id='word_1_322' title='bbox 1484 4217 1562 4291; x_wconf 87' lang='lat' dir='ltr'>fieri</span> <span class='ocrx_word' id='word_1_323' title='bbox 1578 4217 1695 4292; x_wconf 90' lang='lat' dir='ltr'>solent</span> <span class='ocrx_word' id='word_1_324' title='bbox 1711 4219 1790 4294; x_wconf 85' lang='lat' dir='ltr'>fine</span> 
     </span>
     <span class='ocr_line' id='line_1_33' title="bbox 446 4323 1792 4423; baseline 0.005 -23"><span class='ocrx_word' id='word_1_325' title='bbox 446 4323 672 4400; x_wconf 80' lang='lat' dir='ltr'>immersione</span> <span class='ocrx_word' id='word_1_326' title='bbox 690 4337 728 4397; x_wconf 87' lang='lat' dir='ltr'>et</span> <span class='ocrx_word' id='word_1_327' title='bbox 745 4348 837 4418; x_wconf 87' lang='lat' dir='ltr'>eque</span> <span class='ocrx_word' id='word_1_328' title='bbox 862 4327 1114 4399; x_wconf 69' lang='lat' dir='ltr'>benedictione</span> <span class='ocrx_word' id='word_1_329' title='bbox 1130 4367 1140 4385; x_wconf 93' lang='lat'><strong>·</strong></span> <span class='ocrx_word' id='word_1_330' title='bbox 1158 4326 1302 4420; x_wconf 89' lang='lat' dir='ltr'>quando</span> <span class='ocrx_word' id='word_1_331' title='bbox 1318 4339 1442 4400; x_wconf 86' lang='lat' dir='ltr'>antem</span> <span class='ocrx_word' id='word_1_332' title='bbox 1458 4329 1662 4423; x_wconf 80' lang='lat' dir='ltr'>baptizetur</span> <span class='ocrx_word' id='word_1_333' title='bbox 1677 4334 1792 4408; x_wconf 85' lang='lat' dir='ltr'>fuerit</span> 
     </span>
     <span class='ocr_line' id='line_1_34' title="bbox 445 4435 1792 4534; baseline 0.006 -24"><span class='ocrx_word' id='word_1_334' title='bbox 445 4463 535 4534; x_wconf 89' lang='lat' dir='ltr'>puer</span> <span class='ocrx_word' id='word_1_335' title='bbox 556 4439 601 4510; x_wconf 92' lang='lat' dir='ltr'>de</span> <span class='ocrx_word' id='word_1_336' title='bbox 625 4461 695 4530; x_wconf 92' lang='lat' dir='ltr'>quo</span> <span class='ocrx_word' id='word_1_337' title='bbox 721 4437 870 4508; x_wconf 90' lang='lat' dir='ltr'>dubium</span> <span class='ocrx_word' id='word_1_338' title='bbox 889 4435 941 4509; x_wconf 87' lang='lat' dir='ltr'>est</span> <span class='ocrx_word' id='word_1_339' title='bbox 957 4463 1003 4512; x_wconf 86' lang='lat' dir='ltr'>en</span> <span class='ocrx_word' id='word_1_340' title='bbox 1022 4440 1226 4533; x_wconf 80' lang='lat' dir='ltr'>baptizatus</span> <span class='ocrx_word' id='word_1_341' title='bbox 1250 4440 1362 4512; x_wconf 83' lang='lat' dir='ltr'>fuerit</span> <span class='ocrx_word' id='word_1_342' title='bbox 1385 4443 1508 4513; x_wconf 87' lang='lat' dir='ltr'>omnia</span> <span class='ocrx_word' id='word_1_343' title='bbox 1531 4443 1622 4515; x_wconf 86' lang='lat' dir='ltr'>liant</span> <span class='ocrx_word' id='word_1_344' title='bbox 1638 4467 1660 4516; x_wconf 87' lang='lat' dir='ltr'>a</span> <span class='ocrx_word' id='word_1_345' title='bbox 1674 4441 1792 4518; x_wconf 86' lang='lat' dir='ltr'>sacer-</span> 
     </span>
     <span class='ocr_line' id='line_1_35' title="bbox 444 4547 1791 4650; baseline 0.004 -24"><span class='ocrx_word' id='word_1_346' title='bbox 444 4557 530 4626; x_wconf 90' lang='lat' dir='ltr'>dote</span> <span class='ocrx_word' id='word_1_347' title='bbox 563 4551 649 4622; x_wconf 90' lang='lat' dir='ltr'>dnm</span> <span class='ocrx_word' id='word_1_348' title='bbox 684 4561 806 4621; x_wconf 91' lang='lat' dir='ltr'>tamen</span> <span class='ocrx_word' id='word_1_349' title='bbox 837 4561 922 4622; x_wconf 86' lang='lat' dir='ltr'>ante</span> <span class='ocrx_word' id='word_1_350' title='bbox 956 4547 1222 4624; x_wconf 79' lang='lat' dir='ltr'>immersionem</span> <span class='ocrx_word' id='word_1_351' title='bbox 1252 4553 1420 4624; x_wconf 86' lang='lat' dir='ltr'>dicantur</span> <span class='ocrx_word' id='word_1_352' title='bbox 1449 4554 1559 4627; x_wconf 85' lang='lat' dir='ltr'>verba</span> <span class='ocrx_word' id='word_1_353' title='bbox 1586 4553 1791 4650; x_wconf 65' lang='lat' dir='ltr'>supradicta</span> 
     </span>
    </p>
   </div>
   <div class='ocr_carea' id='block_1_3' title="bbox 0 0 2038 5534">
    <p class='ocr_par' dir='ltr' id='par_1_3' title="bbox 0 0 2038 5534">
     <span class='ocr_line' id='line_1_36' title="bbox 0 0 2038 5534; baseline 0 0"><span class='ocrx_word' id='word_1_354' title='bbox 0 0 2038 5534; x_wconf 95' lang='lat' dir='ltr'> </span> 
     </span>
    </p>
   </div>
  </div>
 </body>
</html>
