4050 5534
424 644 496 714 280
908 631 1214 710 REGISTRUM
1611 635 1762 732 [enonnr

426 949 538 1024 Certe
564 947 724 1022 Walteri
740 947 786 1021 de
809 944 1006 1042 Meiewyie
1031 947 1118 1020 dete
1142 945 1313 1018 fratribus
1337 942 1392 1019 S·
1416 945 1604 1020 Trinitatis
1621 957 1661 1021 et
1684 969 1765 1041 eap-

426 1063 613 1134 tiuornm·

428 1260 621 1361 Omnibus
636 1281 756 1357 sentte
771 1285 899 1358 metrie
915 1277 1064 1359 eccietie
1088 1279 1172 1378 filije
1188 1281 1236 1358 ed
1251 1303 1342 1377 quoe
1357 1278 1543 1378 presentes
1564 1280 1672 1355 litere
1687 1303 1765 1376 per·

426 1399 595 1472 uenerint
621 1383 811 1470 Walterne
845 1396 960 1469 dittue
988 1395 1037 1467 de
1066 1391 1263 1491 Meiewyle
1295 1391 1480 1492 turgentis
1513 1395 1560 1469 de
1592 1391 1763 1468 Aberden

425 1510 580 1584 sdutem
596 1510 636 1582 in
652 1507 798 1582 domino
814 1503 1069 1603 sempiternam
1086 1505 1270 1580 ·Nonerit
1286 1503 1499 1581 vninersrtne
1515 1503 1633 1581 vestre
1644 1529 1705 1580 me
1720 1507 1764 1578 de

426 1619 599 1698 consensu
625 1629 674 1706 et,
691 1615 829 1694 nffensu
856 1617 995 1714 Sybille
1024 1615 1149 1714 sponse
1174 1640 1257 1726 mee
1284 1620 1445 1694 enritetie
1471 1619 1609 1693 intuitu
1637 1626 1678 1692 et
1700 1641 1765 1714 pro

427 1733 543 1810 nlute
564 1734 686 1806 nnime
708 1755 792 1806 mee
808 1741 848 1806 et
864 1732 959 1806 dite
984 1729 1125 1826 Sybille
1141 1727 1265 1826 sponse
1289 1755 1371 1805 mee
1388 1739 1427 1804 et
1443 1727 1703 1806 nnteeefforum
1727 1739 1766 1804 et

426 1845 600 1920 heredum
624 1867 790 1920 meorum
814 1839 948 1918 dediffe
970 1838 1173 1917 eoneeffiffe
1189 1852 1230 1916 et
1245 1843 1285 1916 in
1299 1864 1383 1916 men
1405 1843 1502 1916 bone
1525 1843 1701 1916 memorie
1723 1866 1765 1916 ee

425 1954 581 2054 presenti
598 1963 699 2030 certe
715 1979 797 2030 mee
812 1949 1034 2030 confirmeffe
1056 1953 1219 2028 ministro
1237 1965 1276 2029 et
1292 1955 1462 2029 fratribus
1486 1955 1622 2028 ordinis
1637 1955 1765 2027 domus

426 2067 546 2144 tutte
558 2061 733 2141 trinitatis
745 2076 785 2141 et
797 2069 1023 2164 captiuorum
1036 2067 1083 2140 de
1096 2064 1275 2141 Aberden
1288 2088 1413 2140 omnen
1429 2076 1469 2142 et
1484 2061 1640 2164 fingens
1652 2077 1765 2140 terme

427 2206 510 2255 cum
527 2202 652 2254 earum
667 2177 868 2254 redditibus
884 2201 974 2273 qnae
990 2179 1064 2252 emi
1081 2178 1127 2254 de
1140 2179 1304 2252 Martino
1317 2178 1511 2254 Aurifebro
1529 2180 1575 2252 de
1591 2178 1764 2252 Aberden

426 2306 503 2368 tem
520 2294 614 2367 infre
629 2291 753 2365 villam
780 2292 826 2366 de
848 2290 1025 2366 Aberden
1049 2313 1158 2386 quem
1184 2299 1290 2366 extre
1316 2291 1493 2366 tenendas
1521 2299 1561 2364 et
1584 2289 1765 2364 habendes

427 2406 539 2480 didtne
554 2414 669 2479 terres
693 2411 734 2478 et
756 2404 919 2478 redditur
943 2403 1142 2476 earundem
1166 2402 1335 2497 proditis
1359 2399 1524 2476 ministro
1541 2410 1581 2476 et
1596 2403 1765 2476 fratribus

426 2521 699 2614 inperpetuum
723 2517 779 2590 itn
801 2515 915 2589 libere
938 2513 1100 2610 plenarie
1123 2515 1273 2610 penitiee
1290 2523 1329 2590 et
1347 2517 1470 2610 quiete
1495 2510 1587 2588 ficut
1604 2537 1671 2611 ego
1687 2537 1766 2609 pre-

427 2627 541 2704 dietas
566 2637 680 2702 terrm
704 2627 825 2722 nliqno
849 2635 1013 2722 tempore
1041 2627 1188 2700 liberine
1212 2629 1375 2723 quietius
1400 2627 1503 2700 tenui
1529 2627 1588 2701 vel
1607 2621 1765 2721 potsedi·

427 2739 539 2816 Saluo
555 2736 729 2813 forinseeo
745 2736 891 2812 seruitio
908 2739 1045 2812 domini
1062 2741 1156 2836 regie
1173 2747 1212 2814 et
1228 2739 1380 2814 eliorum
1406 2739 1636 2814 dominorum
1653 2763 1766 2833 qnnn·

426 2864 508 2928 tum
524 2853 570 2926 nd
586 2851 667 2925 iilne
686 2860 800 2926 terren
817 2849 994 2948 predittne
1019 2851 1180 2948 pertinet
1206 2860 1315 2946 prout
1330 2852 1370 2924 in
1386 2859 1487 2926 enrtn
1502 2849 1590 2926 died
1610 2851 1765 2924 Martini

429 2964 615 3037 Aurifebri
632 2962 722 3036 mihi
738 2960 845 3059 super
860 2960 965 3037 didtie
987 2963 1096 3037 terris
1120 2963 1285 3038 eonfedte
1300 2971 1340 3038 et
1355 2962 1522 3059 promen
1538 2959 1703 3044 ministro
1726 2972 1765 3036 et

427 3076 598 3150 tratribus
614 3097 680 3170 per
694 3095 755 3148 me
772 3074 972 3150 deliberate
981 3075 1125 3171 plenius
1141 3075 1351 3148 continetur
1363 3115 1372 3136 ·
1386 3075 1484 3148 Dedi
1502 3075 1614 3150 etiem
1627 3085 1667 3150 et
1679 3097 1765 3148 eon·

427 3183 512 3262 eeffi
532 3186 703 3261 fratribus
726 3187 936 3262 memoretis
951 3196 991 3260 et
1007 3209 1133 3261 eorum
1157 3182 1410 3262 suceefforibue
1434 3185 1630 3260 ennunlem
1646 3187 1766 3261 reddi·

426 3311 507 3373 tum
523 3300 678 3371 duorum
695 3294 887 3372 solidorum
899 3299 1042 3394 argenti
1058 3299 1370 3394 percipiendorum
1383 3301 1429 3374 de
1441 3298 1505 3372 ille
1517 3307 1613 3373 terre
1625 3300 1767 3378 ieeente

427 3413 466 3485 in
486 3412 564 3484 vieo
583 3410 629 3483 de
646 3409 765 3506 Fotyn
782 3433 891 3505 quem
907 3407 1069 3504 Meriote
1084 3405 1209 3506 sponse
1224 3411 1407 3505 quondam
1420 3409 1602 3484 Willelmi
1619 3407 1767 3486 Pistoris

426 3534 517 3597 tune
531 3524 654 3596 tenuit
670 3561 680 3582 ·
698 3521 760 3597 Ite
773 3531 900 3596 temen
915 3523 1013 3616 qued
1025 3519 1188 3596 minister
1200 3532 1240 3597 et
1252 3523 1382 3598 fretree
1397 3523 1547 3618 preditti
1563 3546 1629 3619 pro
1645 3525 1766 3598 enimn

424 3657 508 3709 mee
530 3643 571 3708 et
593 3634 753 3729 prodite
786 3630 911 3730 sponse
936 3657 1020 3708 mee
1046 3629 1307 3708 mercenorum
1335 3643 1375 3709 et
1399 3635 1573 3708 heredum
1600 3657 1764 3708 meorum

426 3748 615 3819 inuenient
631 3768 744 3818 vnum
761 3745 988 3842 depellennm
1009 3746 1193 3842 ydoneum
1210 3755 1249 3821 et
1264 3743 1455 3822 honestum
1471 3744 1669 3822 secularem
1686 3771 1767 3842 per·

425 3867 537 3951 petuo
554 3856 796 3930 celebrantem
812 3859 851 3930 in
869 3853 1018 3931 eoeleste
1033 3855 1146 3931 sandei
1164 3856 1334 3932 Nieholni
1351 3859 1398 3932 de
1413 3857 1588 3932 Aberden
1604 3859 1650 3932 ed
1666 3881 1767 3956 meg·

425 3993 515 4042 num
531 3969 645 4042 nitere
661 3977 700 4040 et
716 3967 859 4042 soluent
884 3965 1033 4065 singulis
1057 3971 1162 4042 annis
1188 3967 1425 4044 luminaribus
1446 3967 1566 4044 enee
1582 3969 1703 4045 Merie
1728 3981 1767 4046 et

425 4081 546 4156 sanae
562 4081 679 4155 crucis
690 4081 730 4154 in
741 4081 837 4154 didte
847 4076 998 4155 eeelefie
1022 4081 1209 4154 dimidiam
1225 4101 1385 4156 mercem
1401 4077 1655 4180 sterlingorum
1668 4083 1769 4156 ride·

426 4194 514 4267 lieet
539 4193 776 4266 medietatem
792 4193 838 4265 ed
855 4189 1080 4288 penteeostee
1108 4201 1147 4266 et
1174 4192 1282 4268 niinm
1303 4194 1538 4268 medietatem
1565 4193 1611 4268 ed
1634 4190 1767 4268 festum

427 4303 537 4380 saneti
548 4304 704 4378 Martini
718 4307 757 4378 in
766 4305 897 4400 hyeme
906 4305 953 4378 de
962 4305 1163 4378 redditibus
1176 4305 1350 4380 ditm
1363 4315 1561 4380 terrerum·
1575 4303 1766 4401 subjiciens

427 4439 488 4488 me
505 4427 544 4490 et
559 4415 713 4489 heredes
733 4439 835 4490 meon
858 4414 1092 4490 iurisdidtioni
1118 4415 1211 4490 sedis
1237 4414 1431 4512 apostolice
1456 4427 1497 4490 et
1513 4417 1649 4491 domini
1676 4416 1766 4513 epis-

429 4529 510 4624 eopi
527 4523 797 4602 Aberdonenfie
821 4537 860 4603 et
878 4529 956 4602 eine
981 4529 1142 4604 officialis
1158 4530 1222 4624 qui
1237 4549 1302 4625 pro
1319 4538 1484 4625 tempore
1507 4531 1644 4604 finerint
1668 4531 1766 4638 qnod
