4050 5534
972 617 1280 696 REGISTRUM
1646 626 1799 721 [secum

556 824 615 896 De
638 823 785 894 Decano
889 873 898 891 .
999 875 1008 891 .
1110 874 1118 891 .
1220 878 1228 892 .
1329 847 1354 894 x
1373 823 1434 896 lib.
1452 826 1515 918 xiij
1534 823 1564 898 ss.
1583 826 1634 919 iiij
1652 825 1687 898 d.

556 937 615 1010 De
631 935 790 1008 cantore
887 986 896 1002 .
997 989 1005 1004 .
1108 989 1116 1004 .
1219 989 1226 1004 .
1328 935 1361 1028 vj
1389 935 1451 1008 lib.

556 1048 615 1121 De
632 1045 857 1120 Cancellario
886 1097 895 1115 .
996 1099 1005 1116 .
1107 1101 1115 1116 .
1219 1101 1226 1116 .
1328 1049 1362 1140 vj
1381 1047 1443 1121 lib.
1460 1051 1524 1144 xiij
1542 1045 1575 1120 0.
1595 1051 1644 1144 iiij
1663 1048 1698 1122 d.

556 1161 615 1234 De
630 1158 863 1233 ssesaurario
889 1210 897 1229 .
999 1213 1007 1228 .
1109 1213 1118 1227 .
1221 1214 1227 1228 .
1330 1160 1363 1252 vj
1391 1159 1452 1234 lin

556 1273 615 1346 De
631 1272 896 1345 Archidiaoono
996 1325 1004 1343 .
1108 1323 1115 1340 .
1218 1325 1226 1341 .
1328 1273 1361 1366 »j
1379 1273 1442 1345 lib.
1461 1275 1524 1370 xiij
1541 1270 1575 1346 0.
1593 1277 1644 1370 iiij
1662 1273 1698 1348 d.

981 1495 1280 1568 Pnnnnnmnn·

556 1613 615 1686 De
640 1609 818 1705 Balheluy
889 1663 897 1680 .
998 1663 1007 1680 .
1110 1662 1117 1677 .
1219 1663 1227 1678 .
1330 1610 1363 1702 vj
1389 1609 1453 1682 lib.

557 1726 616 1798 De
641 1723 834 1795 Murthlak
889 1776 896 1793 .
997 1776 1005 1792 .
1109 1775 1117 1790 .
1221 1775 1228 1791 .
1330 1745 1353 1789 v
1371 1722 1432 1796 lib.

557 1838 617 1910 De
641 1835 748 1929 Oyne
885 1887 894 1904 .
998 1887 1005 1903 .
1109 1888 1117 1904 .
1221 1889 1229 1903 .
1330 1835 1431 1908 vlib.

557 1950 615 2023 De
641 1948 832 2021 croudane
888 1999 895 2016 .
997 2001 1005 2015 .
1109 2001 1116 2017 .
1220 2003 1228 2018 .
1332 1949 1435 2020 vlib.

557 2063 615 2135 De
641 2061 725 2133 Olat
777 2112 1226 2130 .....
1327 2062 1364 2154 iij
1384 2061 1446 2134 lib.
1464 2063 1529 2157 xiij
1547 2057 1581 2133 0.
1601 2063 1651 2156 iiij
1669 2060 1705 2134 d.

555 2174 614 2247 De
639 2170 830 2265 Banchory
888 2225 895 2240 .
998 2224 1005 2239 .
1109 2225 1117 2240 .
1219 2225 1227 2242 .
1328 2196 1352 2242 v
1369 2173 1431 2245 lib.

556 2286 614 2360 De
640 2285 730 2358 Deir
779 2336 1227 2353 .....
1329 2281 1455 2380 xlvjss.
1476 2289 1535 2381 viij
1552 2286 1589 2359 d.

555 2399 615 2471 De
639 2395 867 2471 Crechmond
997 2449 1004 2464 .
1109 2453 1115 2464 .
1218 2449 1226 2466 .
1328 2421 1350 2468 v
1368 2398 1430 2470 lib.

556 2512 615 2585 De
641 2510 820 2601 Lummey
887 2561 895 2576 .
997 2560 1005 2576 .
1108 2564 1115 2579 .
1217 2565 1225 2580 .
1326 2513 1377 2606 iiij
1396 2511 1458 2584 lib.

555 2625 614 2698 De
640 2622 824 2695 Abirdour
884 2673 892 2690 .
995 2675 1002 2688 .
1105 2676 1112 2690 .
1215 2676 1223 2691 .
1325 2646 1348 2690 v
1365 2623 1427 2696 lib.
1446 2626 1508 2717 xiij
1525 2620 1561 2696 ss.
1580 2627 1629 2718 iiij
1647 2624 1681 2696 d.

554 2738 613 2810 De
639 2737 774 2809 Forbes
885 2787 892 2802 .
946 2817 952 2826 ‚
996 2788 1003 2802 .
1107 2789 1114 2802 .
1217 2789 1225 2805 .
1326 2737 1364 2830 iij
1383 2733 1549 2831 lib.vjss.
1569 2740 1628 2832 viij
1646 2737 1680 2809 d.

553 2850 612 2923 De
637 2849 772 2922 Elloun
882 2899 891 2916 .
992 2899 999 2916 .
1102 2901 1109 2915 .
1212 2901 1220 2917 .
1321 2850 1358 2944 iij
1376 2850 1440 2921 lib.

554 2963 612 3036 De
637 2961 838 3035 Kineardin
882 3013 890 3029 .
994 3013 1001 3028 .
1104 3013 1111 3030 .
1215 3014 1222 3030 .
1322 2984 1348 3033 x
1366 2961 1429 3034 lib.
1447 2965 1510 3058 xiij
1528 2957 1562 3033 0.
1580 2965 1631 3057 iiij
1648 2960 1683 3034 d.

553 3074 612 3147 De
637 3073 909 3166 Innemouchty
995 3125 1002 3140 .
1105 3126 1112 3140 .
1216 3129 1222 3144 .
1324 3073 1423 3146 vlits.
1441 3078 1475 3170 vj
1493 3071 1528 3146 ss.
1547 3077 1607 3169 viij
1626 3075 1660 3147 d.

552 3187 611 3260 De
637 3186 839 3259 Phillorthe
881 3237 890 3254 .
991 3239 998 3253 .
1102 3239 1109 3254 .
1213 3241 1219 3255 .
1321 3187 1371 3281 iiij
1389 3187 1452 3259 lib.
1471 3189 1533 3282 xiij
1551 3182 1586 3260 0.
1604 3189 1653 3282 iiij
1672 3184 1707 3258 d.

552 3298 611 3370 De
637 3297 808 3371 Methlak
878 3350 885 3367 .
987 3351 995 3365 .
1101 3348 1109 3364 .
1212 3351 1219 3366 .
1323 3299 1424 3370 vlib.

555 3411 614 3483 De
638 3405 861 3505 Tullynefflll
989 3462 996 3477 .
1100 3463 1107 3478 .
1209 3465 1216 3481 .
1318 3410 1356 3505 iij
1375 3407 1437 3482 lib.
1455 3412 1518 3505 xiij
1536 3407 1570 3482 0.
1589 3415 1638 3506 iiij
1656 3410 1690 3484 d.

552 3523 611 3595 De
638 3523 844 3617 Dulmayok
988 3575 995 3590 .
1098 3575 1106 3591 .
1209 3575 1216 3592 .
1318 3522 1369 3616 liij
1386 3518 1422 3594 0.
1440 3525 1490 3617 iiij
1509 3522 1544 3596 d.

551 3635 610 3708 De
634 3634 780 3707 Turreff
877 3687 885 3704 .
987 3687 994 3704 .
1098 3685 1105 3700 .
1208 3687 1215 3703 .
1317 3635 1350 3728 vj
1370 3634 1432 3707 lib.
1450 3638 1515 3731 xiij
1532 3633 1566 3708 0.
1585 3638 1636 3731 iiij
1654 3635 1689 3707 d.

550 3747 608 3820 De
634 3747 798 3841 Kynkell
876 3801 884 3816 .
986 3801 994 3816 .
1097 3801 1103 3814 .
1207 3801 1214 3814 .
1316 3748 1376 3840 ij
1394 3747 1457 3818 lib.

550 3858 609 3931 De
634 3856 831 3932 Ooldstann
874 3910 883 3929 .
984 3912 992 3927 .
1096 3913 1103 3926 .
1206 3913 1214 3928 .
1315 3861 1367 3953 iiij
1386 3859 1448 3931 lib.
1466 3861 1529 3952 xiij
1548 3857 1581 3931 0.
1600 3861 1650 3954 iiij
1668 3859 1703 3932 d.

549 3972 608 4045 De
634 3973 815 4045 Rothwen
871 4026 879 4042 .
981 4026 988 4041 .
1092 4025 1099 4041 .
1202 4026 1209 4041 .
1311 3973 1372 4067 viij
1391 3973 1451 4044 lib.

550 4085 607 4157 De
634 4081 853 4180 Monymuss(
980 4139 988 4155 .
1092 4138 1100 4153 .
1203 4137 1209 4153 .
1312 4083 1426 4177 vjlib.

447 4314 599 4383 Summa
614 4311 797 4384 facultatis
809 4311 1062 4382 canonicorum
1076 4330 1147 4402 quo
1160 4308 1205 4380 ad
1219 4311 1368 4384 vicarios
1386 4311 1422 4381 in
1442 4311 1550 4382 choro
1563 4307 1771 4382 sustinendo

1012 4422 1144 4515 i⁰iij¹¹ix
1163 4419 1224 4492 lib.
