4050 5534
248 655 349 751 nnn]
715 655 1121 730 ABERDONENSE.
1544 667 1593 739 37

247 853 321 924 illos
337 857 399 948 qui
420 857 492 948 odij
511 854 569 927 vel
595 855 685 927 lucri
710 853 817 928 causa
833 856 912 948 aiijs
934 857 1086 929 crimina
1110 858 1303 948 imponunt
1328 879 1393 948 per
1410 880 1481 949 que
1498 857 1589 952 ipso-

247 989 319 1036 rum
336 967 433 1038 sama
449 967 594 1038 ledatur
607 977 670 1038 aut
688 991 753 1061 pro
767 966 898 1060 quibus
915 989 1010 1036 mors
1025 967 1083 1038 vel
1101 966 1252 1039 exilium
1266 967 1324 1038 vel
1342 969 1586 1040 membrorum

246 1077 424 1149 mutiiacio
452 1077 511 1149 vel
541 1079 750 1149 exeredacio
779 1075 841 1148 seu
872 1078 1050 1149 bonorum
1081 1076 1249 1174 spoliacio
1275 1075 1374 1170 sequi
1402 1079 1585 1153 debeatsr

245 1187 456 1260 iudicialiter
472 1190 737 1260 conuincantur
754 1229 762 1245 ·
782 1191 1138 1263 excommunicamus
1156 1214 1281 1262 omnes
1298 1193 1507 1264 detentores
1524 1195 1587 1265 de-

245 1299 412 1370 cimarum
437 1299 580 1372 suarum
606 1297 737 1371 iniuste
763 1311 801 1372 et
827 1322 952 1371 omnes
978 1301 1059 1372 ilios
1076 1303 1138 1394 qui
1164 1302 1322 1373 decimas
1347 1305 1506 1397 proprias
1523 1303 1586 1376 seu

244 1410 374 1484 alienas
398 1421 520 1507 preter
545 1411 771 1483 voluntatem
798 1413 1026 1485 dominomm
1052 1414 1273 1484 deeimarum
1298 1411 1453 1507 ipsarum
1480 1440 1586 1488 occu-

244 1534 327 1616 pant
344 1534 382 1596 et
400 1528 566 1598 detinent
584 1526 763 1596 violenter
779 1522 840 1597 seu
858 1526 1013 1596 restores
1031 1521 1260 1595 ecclefiarum
1278 1525 1337 1596 vel
1354 1527 1504 1598 vicarios
1521 1538 1584 1599 aut

244 1659 362 1706 eorum
390 1647 637 1731 procuratores
663 1659 878 1730 quacunque
907 1635 1107 1707 calliditate
1133 1637 1337 1729 impediunt
1359 1636 1417 1707 vel
1444 1648 1585 1731 pertur-

242 1747 326 1818 bant
344 1771 414 1840 quo
431 1749 551 1818 minus
567 1749 613 1819 de
632 1748 780 1820 decimis
805 1746 877 1819 suis
900 1749 944 1818 ad
970 1745 1071 1818 suam
1097 1747 1209 1818 libere
1234 1745 1420 1841 disponere
1435 1741 1584 1823 'valeant

240 1858 462 1930 voluntatem
481 1899 489 1915 ·
509 1882 577 1930 nec
593 1881 665 1929 non
680 1868 719 1930 et
736 1857 909 1930 vsursrios
925 1854 1132 1929 manifestos
1149 1867 1309 1952 raptores
1333 1859 1497 1951 publicos
1517 1864 1584 1932 im·
1642 1911 1646 1919 ·

239 1971 424 2062 pedientcs
440 1968 658 2042 testamenta
674 1971 836 2065 legitime
849 1970 943 2041 satta
959 1971 1196 2040 incendiarios
1213 1970 1423 2042 libertatum
1440 1971 1584 2044 eccless-

239 2079 424 2154 osticamm
442 2092 480 2153 et
497 2084 768 2153 immunitatum
792 2083 831 2152 in
856 2082 959 2153 terris
977 2081 1035 2151 vel
1061 2083 1099 2151 in
1125 2083 1227 2172 aquis
1243 2080 1304 2152 seu
1321 2083 1359 2152 in
1376 2087 1582 2157 nemoribus

237 2202 297 2264 sut
327 2191 465 2287 pascuis
490 2203 554 2264 aut
583 2189 853 2284 quibuscunque
878 2191 956 2283 aliJs
981 2192 1090 2262 rebus
1114 2193 1382 2284 perturbatores
1406 2205 1445 2267 et
1472 2197 1583 2269 viola-

238 2315 330 2376 tores
343 2316 408 2377 aut
422 2327 545 2376 eorum
560 2305 722 2375 auctores
736 2299 923 2374 confilium
937 2302 1115 2373 auxilium
1129 2311 1167 2373 et
1180 2303 1341 2374 fauorem
1354 2307 1406 2377 eis
1422 2305 1582 2400 prestan-

237 2431 289 2488 tes
307 2455 315 2472 ·
333 2439 401 2488 nec
418 2440 491 2488 non
509 2414 690 2487 sorciarias
707 2425 746 2486 et
765 2437 890 2486 omncs
914 2437 974 2485 eas
998 2415 1165 2485 fouentes
1182 2423 1221 2485 et
1237 2424 1470 2511 protegentes
1487 2427 1526 2491 et
1543 2422 1580 2490 in

235 2527 303 2600 suis
332 2527 520 2621 maleficijs
548 2535 828 2598 manutenentes
846 2549 887 2597 ac
908 2527 1021 2596 etiam
1047 2548 1130 2595 cum
1157 2527 1209 2596 eis
1234 2527 1274 2597 in
1298 2527 1486 2623 maleficijs
1508 2529 1580 2602 suis

235 2643 541 2711 communicantes
554 2676 562 2693 ·
575 2634 756 2709 inuaseres
769 2644 807 2707 et
820 2645 980 2730 raptores
997 2636 1173 2706 bonorum
1187 2632 1506 2712 ecclefiasticorum
1518 2640 1581 2713 seu

236 2753 270 2820 in
296 2753 400 2822 terris
428 2747 670 2821 elemosmatis
700 2747 875 2819 nonnulla
899 2748 933 2818 vi
958 2756 1082 2839 preter
1099 2746 1325 2820 voluntatem
1353 2752 1579 2825 dominorum

234 2864 415 2955 capientes
433 2900 441 2917 ·
459 2863 622 2955 exceptis
640 2861 776 2931 domini
791 2860 902 2954 Regis
920 2867 959 2930 et
973 2858 1115 2952 Regina
1133 2882 1175 2929 ac
1193 2858 1256 2952 silij
1275 2857 1328 2931 sni
1346 2859 1579 2937 seruitoribus
1608 2928 1614 2939 .

235 2997 295 3066 pro
312 2974 510 3044 eorundem
528 2967 727 3063 necessarijs
745 2993 829 3041 cum
847 2994 891 3042 ea
906 2969 992 3041 alibi
1019 2971 1183 3041 inuenire
1200 2993 1272 3041 non
1290 2981 1465 3063 poterunt
1487 2980 1579 3048 acci-

233 3085 414 3177 pientibus
428 3084 623 3156 dummodo
640 3078 774 3153 iustum
792 3083 951 3175 precium
968 3077 1111 3152 soluant
1128 3104 1192 3175 pro
1211 3080 1344 3153 eisdem
1363 3124 1371 3140 ·
1388 3083 1577 3159 Maleditti

233 3193 301 3267 smt
327 3219 453 3267 omnes
478 3196 658 3288 prenotati
677 3235 685 3251 ·
704 3194 885 3265 maledici
911 3188 981 3264 srnt
1007 3193 1167 3263 exterius
1185 3201 1223 3263 et
1245 3195 1397 3266 interius
1415 3219 1436 3266 a
1452 3197 1579 3291 planta

233 3308 332 3400 pedis
349 3306 458 3400 vsque
482 3307 526 3378 ad
546 3307 718 3377 verticem
746 3306 875 3397 capitis
898 3327 980 3376 cum
1001 3301 1123 3375 Datan
1140 3314 1179 3374 et
1195 3303 1338 3375 Abiron
1364 3330 1453 3398 quos
1480 3320 1578 3383 terra

234 3422 332 3490 riuos
358 3417 541 3490 obsorbuit
562 3456 571 3474 ·
589 3417 679 3489 fiant
706 3418 783 3488 dies
813 3439 938 3488 eorum
963 3416 1070 3507 pauci
1095 3424 1134 3484 et
1160 3417 1424 3490 dominationes
1451 3443 1575 3492 eorum

232 3533 410 3624 accipiant
435 3528 494 3622 aiij
512 3567 523 3585 ·
539 3529 603 3622 filij
630 3551 755 3599 eorum
781 3528 931 3620 orphani
954 3567 962 3583 ·
986 3534 1024 3596 et
1051 3521 1142 3597 srcut
1167 3527 1234 3598 heo
1261 3526 1408 3600 lucerna
1433 3533 1470 3601 in
1496 3556 1577 3625 pre-

231 3641 322 3714 senti
347 3643 576 3736 extinguitur
600 3637 648 3711 fic
675 3640 937 3734 extinguantur
963 3637 1111 3708 lucerne
1136 3661 1262 3709 eornm
1286 3648 1371 3710 ante
1390 3643 1575 3716 viuentem

231 3756 267 3823 in
285 3751 405 3824 secula
422 3751 622 3823 seculorum
641 3789 649 3807 ·
670 3759 708 3821 et
727 3751 983 3845 demergantur
998 3752 1037 3823 in
1055 3749 1196 3820 inferno
1214 3751 1335 3821 anime
1357 3775 1483 3823 eorum
1509 3753 1574 3826 nisr

230 3859 443 3960 resipuerint
470 3871 508 3934 et
534 3863 580 3935 ad
605 3857 881 3934 satissadtionem
899 3868 937 3932 et
959 3861 1252 3932 emendationem
1270 3865 1438 3934 venerint
1455 3905 1464 3922 ·
1482 3865 1546 3937 fist
1565 3908 1573 3924 ·

230 3975 293 4048 fist
311 4018 318 4032 ·
337 3975 462 4046 Amen
480 4015 487 4031 ·
