4050 5534
508 623 579 692 299
1027 607 1332 686 REGISTRUM
1686 611 1785 706 [suun

510 814 568 886 vel
594 815 795 910 impugnari
820 811 883 886 seu
908 814 1072 908 impediri
1090 811 1148 884 rel
1166 810 1299 884 differri
1316 849 1325 870 ·
1344 811 1405 882 Ad
1424 811 1492 884 hec
1509 811 1659 906 predibi
1678 811 1790 883 abbua
1930 856 1933 912 χ

511 937 714 1000 conuentus
739 949 811 998 rna
825 949 909 998 cum
935 927 1104 1020 prodistis
1121 921 1290 1020 magistro
1307 935 1346 994 et
1363 923 1533 996 iratribus
1549 925 1793 1019 procurabmtrt
1933 926 1934 930 ’

511 1040 645 1112 facient
661 1049 840 1132 quatenus
856 1041 895 1108 in
911 1041 964 1111 eia
989 1033 1042 1110 est
1067 1036 1298 1132 supplicando
1326 1037 1423 1128 quod
1447 1033 1636 1130 episcopua
1660 1037 1797 1108 Abcrlon
1940 1089 1942 1124 ζ

512 1147 605 1222 costa
621 1147 856 1244 supradictam
879 1145 1174 1245 compositionem
1199 1171 1263 1241 pru
1285 1145 1322 1221 se
1348 1158 1387 1220 et
1409 1144 1662 1222 succelsoribne
1678 1147 1801 1222 suunt
1942 1137 1945 1188 ³

512 1264 635 1335 licabit
657 1273 697 1334 et
722 1263 934 1357 approbabit
958 1275 998 1334 et
1023 1261 1119 1354 quod
1145 1261 1302 1332 decanus
1319 1269 1357 1333 et
1374 1260 1574 1355 capitulum
1592 1255 1803 1336 Aberdoncule
1950 1326 1952 1352 ,Ἰ

513 1374 720 1468 supradictis
744 1374 974 1447 ratificationi
987 1384 1027 1446 ct
1044 1373 1293 1466 approbationi
1310 1372 1616 1446 confirmatorium
1640 1369 1805 1447 consensuri

513 1483 760 1579 prestabant·
789 1484 834 1557 In
862 1489 965 1558 cuiue
994 1487 1047 1558 rei
1082 1481 1326 1558 testimonium
1356 1487 1450 1578 parti
1479 1485 1586 1558 buius
1621 1485 1808 1559 instrumenti

513 1599 760 1693 cyrograpbati
794 1599 955 1692 bipartiti
990 1619 1102 1692 penca
1135 1597 1248 1668 ditior
1282 1593 1490 1692 magistrum
1529 1612 1568 1670 et
1607 1601 1730 1672 fratrer
1756 1593 1811 1670 reb
1940 1589 1941 1610 ¹

513 1711 615 1781 denti
649 1705 806 1805 sigillum
839 1732 1032 1782 commune
1062 1705 1265 1801 monasterij
1295 1708 1341 1781 de
1368 1707 1539 1782 Calchow
1562 1722 1601 1784 et
1628 1709 1738 1806 sigilla
1757 1711 1813 1782 snb·

513 1823 639 1917 prioris
655 1831 695 1894 et
711 1819 854 1894 heriste
871 1818 1186 1894 commissariorum
1209 1817 1293 1892 sunt
1318 1819 1474 1916 appensa
1492 1863 1501 1884 ·
1520 1823 1620 1896 Parti
1639 1847 1721 1897 vero
1736 1843 1815 1918 penes

514 1936 649 2006 diuum
672 1945 896 2007 conuentum
922 1935 968 2006 de
998 1931 1176 2006 Kalchow
1201 1929 1370 2006 residenti
1397 1933 1551 2028 appensa
1577 1935 1661 2009 sunt
1696 1935 1818 2032 sigillum

515 2043 672 2142 magistri
705 2047 832 2118 domne
860 2045 1002 2140 Templi
1031 2048 1067 2116 in
1097 2045 1222 2118 Scotia
1242 2055 1280 2116 et
1307 2067 1499 2118 commune
1526 2043 1681 2144 sigillum
1710 2047 1819 2140 Templi

514 2159 649 2255 Anglie
674 2169 712 2230 et
737 2153 1053 2230 commiss'ariorum
1076 2153 1390 2252 supradictorum·
1419 2155 1555 2230 Datum
1580 2163 1674 2256 apud
1701 2161 1823 2234 [ardre

515 2273 574 2342 die
592 2271 725 2344 Martie
742 2272 906 2364 proximo
922 2267 1001 2364 poll
1020 2265 1149 2342 festum
1173 2267 1348 2342 Omnium
1365 2267 1566 2344 santtorum
1590 2297 1686 2346 anno
1705 2275 1825 2346 Domini

516 2403 736 2456 raccaxxx.
767 2379 954 2476 septimo·
981 2377 1056 2455 Ista
1088 2381 1195 2454 litera
1227 2383 1297 2452 fuit
1331 2377 1485 2477 sigillata
1514 2395 1668 2478 quatuor
1694 2384 1829 2482 sigillis·

514 2498 670 2590 primum
688 2492 842 2590 sigillum
867 2495 938 2565 suit
963 2495 1009 2566 de
1037 2491 1112 2566 sera
1138 2495 1240 2565 viridi
1266 2516 1349 2565 cum
1367 2518 1460 2589 agno
1484 2492 1604 2568 santo
1621 2497 1659 2569 in
1678 2501 1831 2571 medioin

515 2611 618 2680 cuine
635 2608 925 2679 circumferentia
950 2604 1120 2702 scriptum
1149 2607 1219 2678 suit
1243 2602 1396 2701 sigillum
1415 2608 1542 2702 templi
1561 2607 1686 2683 Sentio
1702 2649 1712 2668 ·
1728 2609 1836 2682 secun-

516 2721 603 2798 ‹lum
622 2717 775 2815 sigillum
802 2721 872 2792 snit
888 2719 934 2792 de
952 2716 1028 2792 scra
1044 2719 1127 2792 alba
1146 2741 1228 2790 cum
1246 2716 1346 2791 scuto
1363 2720 1401 2790 in
1419 2743 1491 2812 qno
1515 2733 1619 2793 erunt
1636 2735 1712 2796 tres
1729 2737 1837 2795 ures·

515 2835 664 2905 tertium
693 2857 777 2904 vero
803 2828 956 2927 sigillum
982 2829 1053 2903 suit
1078 2831 1274 2926 oblongum
1300 2853 1383 2902 cum
1408 2835 1575 2928 ymagine
1600 2835 1709 2908 beate
1735 2835 1841 2908 Marie

516 2947 554 3016 in
571 2947 690 3017 medio
713 2945 1043 3017 circumferenciam
1070 2965 1154 3014 vero
1178 2943 1286 3014 huius
1302 2965 1375 3014 non
1392 2945 1494 3037 potui
1521 2945 1642 3040 legere
1659 2986 1668 3002 ·
1685 2961 1845 3042 quartum

517 3056 671 3152 sigillum
689 3058 759 3128 snit
777 3058 822 3129 de
838 3053 916 3128 sera
931 3055 1013 3128 alba
1030 3067 1068 3126 et
1085 3055 1280 3150 oblongum
1306 3057 1344 3126 in
1370 3057 1472 3128 cuins
1490 3058 1608 3129 medio
1630 3057 1767 3155 sculpta
1783 3061 1847 3131 suit

516 3193 645 3265 ymago
674 3165 794 3240 santio
823 3169 997 3238 trinitatis
1024 3163 1103 3260 post
1137 3169 1238 3238 cuiue
1273 3167 1378 3240 litere
1413 3169 1673 3243 exhibitionem
1705 3173 1755 3244 fui
1789 3195 1851 3267 pcr

517 3283 703 3352 dominum
720 3281 886 3351 abbatem
913 3279 959 3349 de
986 3277 1163 3350 Kolchow
1180 3303 1263 3352 cum
1282 3280 1405 3354 debita
1421 3277 1590 3354 instantia
1607 3283 1796 3377 requisitus
1815 3299 1852 3354 vt

516 3394 628 3487 ipsam
646 3395 824 3486 copiarem
841 3401 880 3462 et
898 3393 934 3462 in
952 3389 1133 3484 publicam
1153 3391 1304 3464 somnam
1331 3394 1529 3487 redigerem
1547 3431 1556 3452 ·
1574 3397 1691 3480 Quam
1712 3399 1852 3471 literam

518 3503 567 3577 fic
596 3507 736 3598 copiaui
764 3515 803 3576 et
832 3499 1033 3596 transcripsi
1064 3503 1175 3574 nichil
1200 3505 1234 3574 ei
1260 3504 1424 3576 addendo
1445 3515 1508 3576 aut
1534 3507 1731 3580 minuendo
1759 3509 1852 3602 quod

518 3620 600 3689 fabii
626 3613 859 3688 substantiam
884 3617 1093 3686 immutabit
1119 3625 1182 3687 aut
1207 3615 1431 3688 intolleiium
1458 3619 1610 3690 uariauit
1628 3659 1637 3678 ·
1656 3621 1750 3692 aaa
1771 3619 1854 3690 sunt

518 3731 585 3801 hec
618 3732 657 3800 in
689 3724 905 3799 monasterio
939 3728 984 3797 de
1019 3725 1196 3799 Kalchow
1226 3729 1360 3798 ordinis
1389 3725 1499 3799 santii
1527 3727 1716 3804 Benedicti
1743 3731 1854 3804 sanai

518 3841 667 3913 Andrcc
684 3833 842 3933 dyocesis
858 3836 1009 3932 septimo
1027 3839 1085 3910 die
1106 3835 1237 3910 mensis
1258 3839 1394 3932 Aprilis
1411 3861 1505 3910 anno
1532 3839 1680 3913 Domini
1699 3851 1856 3915 u.ccc.'¹⁰

518 3949 747 4048 nonagesimo
780 3949 882 4023 sexto
916 3950 1117 4024 Indibione
1151 3963 1278 4045 quarta
1311 3951 1540 4048 pontificatue
1580 3949 1780 4026 santissimi
1813 3959 1853 4025 in

519 4064 661 4140 Christo
687 4067 799 4160 patrie
816 4075 854 4136 et
872 4065 1005 4135 domini
1025 4061 1134 4136 nostri
1162 4064 1297 4136 domini
1315 4062 1501 4135 Benedicti
1521 4065 1645 4136 diuina
1666 4069 1853 4160 prouiden-

519 4184 572 4252 tia
591 4180 689 4272 Pape
707 4198 794 4249 x111.
812 4200 906 4250 anno
923 4174 1077 4248 secundo
1095 4215 1104 4234 ·
1123 4174 1346 4268 presentibus
1363 4170 1534 4269 religiosis
1552 4177 1636 4248 viris
1650 4187 1688 4248 et
1701 4179 1849 4250 dominis

521 4293 682 4364 Roberto
700 4302 738 4362 et
756 4290 910 4362 Ricardo
928 4287 1085 4360 eiusdem
1104 4283 1307 4380 monasterij
1334 4288 1517 4360 monachis
1535 4286 1697 4361 discretio
1715 4293 1794 4362 viria
1809 4299 1848 4359 et

520 4405 674 4475 dominia
689 4401 712 4473 J
716 4403 856 4473 ohanne
873 4401 919 4472 de
936 4399 1106 4472 Grenlaw
1124 4408 1162 4471 et
1180 4401 1225 4471 de
1239 4399 1385 4472 Gordon
1405 4393 1632 4472 ecclesiarum
1647 4403 1693 4474 de
1706 4403 1845 4476 Gordon

519 4529 557 4588 ct
576 4514 693 4586 Molle
710 4511 965 4607 parochialium
994 4511 1187 4606 capellanis
1205 4553 1214 4570 ·
1231 4511 1256 4582 J
1259 4511 1400 4584 ohanne
1416 4510 1491 4584 filio
1510 4511 1687 4586 Jobannis
1705 4525 1742 4588 et
1761 4514 1847 4586 Wil-
