4050 5534
427 611 474 682 86
949 602 1258 678 REGISTRUM
1626 605 1776 700 [sucum

427 801 715 878 Abbirdouensrs
731 801 886 876 salutem
903 805 941 874 in
959 804 1122 874 omnium
1137 801 1337 874 saluatore·
1354 802 1450 888 Quia
1467 825 1593 874 omues
1607 813 1645 874 et
1659 799 1776 897 lingn-

428 919 481 990 las
494 919 707 989 donationes
720 918 872 987 uniones
888 916 1198 1009 incorporationes
1214 923 1253 986 et
1271 915 1532 988 annexationes
1549 910 1776 988 ecclesiarum

429 1031 677 1102 communium
695 1028 867 1100 videlicet
892 1027 938 1098 de
955 1023 1099 1098 Fordils
1118 1051 1201 1098 cum
1228 1027 1376 1121 capellis
1394 1029 1439 1099 de
1457 1027 1596 1099 Rathin
1614 1029 1660 1098 de
1678 1026 1777 1120 Logy

429 1147 467 1214 in
491 1143 680 1214 Bucbauia
696 1140 742 1211 dc
760 1139 863 1235 Logy
879 1142 918 1210 iu
937 1139 1040 1211 Marr
1066 1139 1112 1209 de
1138 1138 1354 1233 Kyndromy
1371 1140 1417 1211 de
1435 1138 1592 1210 Cloueth
1619 1150 1658 1210 et
1683 1137 1777 1208 Tun-

430 1255 531 1325 metb
543 1277 627 1324 cum
638 1252 871 1346 pertinencijs
881 1250 927 1321 ad
940 1249 1100 1322 mensam
1112 1250 1349 1344 capitularem
1363 1253 1618 1324 canonicomm
1632 1247 1777 1322 ecclesie

432 1363 551 1436 nostro
575 1359 808 1435 residentium
829 1363 964 1434 ibidem
983 1359 1063 1433 Deo
1082 1373 1120 1434 et
1144 1363 1250 1434 beate
1270 1361 1389 1434 Marie
1407 1387 1449 1434 ac
1467 1364 1633 1433 omnibus
1651 1359 1777 1434 fendis

432 1476 665 1547 seruientium
679 1486 718 1546 et
735 1475 1005 1568 imperpetuum
1018 1473 1277 1546 semituromm
1291 1474 1400 1546 sabbas
1414 1485 1452 1545 et
1466 1469 1643 1547 concessas
1660 1475 1777 1545 andlo-

432 1591 542 1659 ritate
559 1584 753 1680 apostolica
769 1595 807 1656 et
825 1587 936 1657 etiam
954 1607 1019 1677 per
1036 1585 1217 1677 quondam
1235 1587 1329 1658 bone
1347 1588 1519 1658 memorie
1536 1609 1638 1680 reges
1656 1584 1777 1656 Scotie

434 1702 585 1771 comites
603 1699 648 1770 de
666 1697 770 1769 Marr
786 1708 825 1768 et
842 1692 1101 1789 predecessores
1124 1693 1264 1769 nostros
1281 1696 1464 1792 episcopos
1482 1695 1630 1770 ecclesie
1647 1697 1778 1769 Abbir-

434 1808 600 1883 douensrs
615 1810 793 1904 prelibata
810 1809 855 1880 ad
873 1809 1022 1902 plenum
1040 1809 1257 1904 perlegimus
1275 1820 1313 1880 et
1331 1809 1550 1903 inspeximus
1568 1819 1778 1901 maturaque

434 1923 694 1995 deliberatione
724 1921 913 2015 prehabita
939 1944 1024 1992 cum
1051 1922 1135 1992 viris
1166 1923 1291 2014 peritis
1318 1945 1378 1994 eas
1408 1945 1533 1995 omnes
1560 1931 1597 1994 et
1623 1919 1777 2016 singulas

434 2035 646 2105 donationes
664 2034 814 2103 uniones
834 2033 1142 2125 incorporationes
1160 2042 1198 2104 et
1219 2035 1480 2105 annexationes
1505 2033 1776 2128 prescriptorum

432 2143 662 2218 ecclesiarum
688 2145 936 2216 communium
959 2146 1122 2215 omnium
1141 2151 1179 2214 et
1198 2140 1416 2239 singularum
1440 2169 1523 2217 curn
1548 2146 1778 2240 pertinencijs

432 2261 470 2328 in
488 2257 656 2328 omnibus
668 2255 740 2327 suis
756 2257 899 2349 pandis
912 2265 951 2327 et
964 2256 1125 2328 articulis
1139 2256 1233 2327 diue
1250 2253 1374 2327 meuse
1387 2257 1576 2350 capitulari
1594 2280 1659 2350 pro
1677 2256 1778 2328 uobis

434 2381 472 2442 et
493 2364 744 2441 successoribus
769 2365 898 2439 nostris
924 2370 1139 2440 austeritate
1165 2365 1286 2439 nostra
1310 2369 1489 2442 ordinaria
1513 2371 1778 2462 imperpetuum

433 2482 652 2554 ratificamus
669 2479 908 2572 approbamus
926 2489 964 2550 et
982 2479 1237 2551 confirmamus
1254 2482 1358 2551 iuxta
1371 2490 1409 2551 et
1423 2479 1617 2552 secundum
1636 2492 1780 2552 tenores

433 2593 650 2665 earundem·
665 2592 921 2684 promittentes
938 2613 1002 2684 pro
1020 2592 1125 2662 uobis
1143 2600 1181 2662 et
1199 2589 1453 2664 successoribus
1470 2590 1598 2664 nostris
1616 2595 1653 2663 in
1671 2593 1780 2664 verbo

432 2703 631 2799 pontificali
641 2701 1145 2774 contradonationesvniones
1155 2704 1460 2797 incorporationes
1471 2714 1509 2776 et
1520 2707 1781 2776 annexationcs

434 2817 765 2910 prenominatamm
796 2811 1028 2886 ecclesiarum
1058 2837 1264 2906 unusquam
1296 2817 1547 2888 contrauenire
1574 2827 1638 2888 aut
1664 2817 1781 2888 lacere

433 2929 579 3022 publice
597 2926 654 2998 vel
680 2927 825 2999 occulte
843 2928 977 2998 direbte
994 2927 1052 2998 vel
1080 2929 1253 2998 indirebte
1271 2929 1398 3019 quouis
1416 2923 1555 3019 quesrto
1572 2928 1692 2999 colore
1717 2937 1783 2999 aut

433 3043 579 3135 ingenio
593 3039 653 3110 seu
667 3063 729 3110 eos
743 3039 801 3110 rel
819 3062 944 3110 eorum
957 3035 1169 3110 successores
1184 3037 1336 3133 desuper
1349 3061 1481 3110 vexare
1498 3049 1562 3112 aut
1579 3041 1784 3132 inquietare

433 3149 494 3222 sed
519 3174 580 3223 eas
605 3161 713 3242 prout
730 3151 775 3222 ad
792 3174 859 3220 nos
876 3173 922 3220 ex
940 3151 1057 3222 officio
1079 3147 1200 3221 nostro
1226 3147 1392 3244 pastorali
1412 3148 1570 3244 spedtaro
1588 3149 1785 3223 dinoscitur

433 3267 472 3332 in
489 3262 657 3333 omnibus
674 3261 745 3333 suis
763 3264 903 3355 punbtis
922 3273 961 3333 et
978 3262 1140 3334 articulis
1158 3264 1274 3334 forma
1290 3264 1426 3356 pariter
1443 3272 1481 3333 et
1499 3263 1628 3334 effectu
1656 3286 1784 3335 mauu-

434 3388 560 3445 tenere
578 3385 616 3444 et
634 3374 829 3445 defendere
844 3417 852 3432 ·
865 3374 915 3444 Et
932 3375 1001 3446 hoc
1018 3375 1186 3447 omnibns
1203 3396 1356 3467 quorum
1374 3370 1524 3446 interest
1541 3374 1599 3446 vel
1617 3372 1783 3448 interesse

434 3489 568 3580 poterit
594 3495 723 3557 notum
740 3487 892 3557 facimus
918 3509 982 3580 per
1007 3485 1191 3580 presentes
1209 3486 1338 3578 quibus
1356 3487 1393 3556 in
1409 3483 1656 3579 premissorum
1682 3485 1785 3558 testi-

434 3601 597 3670 monium
616 3609 726 3691 atque
743 3599 852 3669 fidem
870 3595 1026 3692 sigillum
1045 3595 1204 3669 nostrum
1224 3600 1355 3691 apponi
1371 3593 1534 3674 iussimus
1551 3609 1589 3671 et
1607 3600 1782 3672 fecimus·

434 3710 544 3804 Apud
572 3705 756 3780 ecclesiam
782 3705 939 3780 nostram
965 3710 1211 3782 cathedralem
1237 3712 1346 3780 tertio
1365 3711 1423 3781 die
1445 3705 1576 3781 meniis
1595 3709 1783 3806 Februarij

434 3845 528 3892 anno
547 3821 696 3891 Domini
714 3816 904 3892 millesimo
922 3818 1275 3916 quadringentesimo
1292 3817 1511 3916 sexagesimo
1529 3823 1644 3914 primo
1662 3861 1670 3878 ·

435 4152 622 4228 Promilsro
639 4153 796 4249 episcopi
813 4153 917 4249 super
934 4156 1068 4228 eisdem
1086 4197 1093 4212 ·

435 4357 503 4452 Et
533 4404 598 4450 nos
623 4379 779 4450 Thomas
806 4377 993 4472 episcopus
1020 4377 1306 4451 Abbirdonensrs
1333 4381 1581 4472 promittimus
1609 4383 1646 4453 in
1674 4388 1789 4457 verbo

432 4491 630 4586 pontificali
657 4491 753 4584 quod
783 4514 848 4583 pro
877 4490 1118 4562 ratificatioue
1149 4492 1410 4585 approbatione
1441 4502 1478 4562 ct
1509 4493 1788 4572 confirmatione
