<?xml version="1.0" encoding="UTF-8"?>
<!DOCTYPE html PUBLIC "-//W3C//DTD XHTML 1.0 Transitional//EN"
    "http://www.w3.org/TR/xhtml1/DTD/xhtml1-transitional.dtd">
<html xmlns="http://www.w3.org/1999/xhtml" xml:lang="en" lang="en">
 <head>
  <title>
</title>
<meta http-equiv="Content-Type" content="text/html;charset=utf-8" />
  <meta name='ocr-system' content='tesseract 3.04.00' />
  <meta name='ocr-capabilities' content='ocr_page ocr_carea ocr_par ocr_line ocrx_word'/>
</head>
<body>
  <div class='ocr_page' id='page_1' title='image "./registrumepisco02innegoog_0379.png"; bbox 0 0 4050 5534; ppageno 0'>
   <div class='ocr_carea' id='block_1_1' title="bbox 258 663 1599 764">
    <p class='ocr_par' dir='ltr' id='par_1_1' title="bbox 258 663 1599 764">
     <span class='ocr_line' id='line_1_1' title="bbox 258 663 1599 764; baseline 0.004 -24"><span class='ocrx_word' id='word_1_1' title='bbox 258 668 362 764; x_wconf 71' lang='lat' dir='ltr'>m]</span> <span class='ocrx_word' id='word_1_2' title='bbox 733 663 1137 739; x_wconf 77' lang='lat' dir='ltr'>aananounusn.</span> <span class='ocrx_word' id='word_1_3' title='bbox 1522 677 1599 745; x_wconf 77' lang='lat' dir='ltr'>eas</span> 
     </span>
    </p>
   </div>
   <div class='ocr_carea' id='block_1_2' title="bbox 239 864 1597 4662">
    <p class='ocr_par' dir='ltr' id='par_1_2' title="bbox 239 864 1597 4662">
     <span class='ocr_line' id='line_1_2' title="bbox 255 864 1596 963; baseline 0.002 -24"><span class='ocrx_word' id='word_1_4' title='bbox 255 867 432 940; x_wconf 79' lang='lat' dir='ltr'>Jobonu&#39;is</span> <span class='ocrx_word' id='word_1_5' title='bbox 442 893 488 941; x_wconf 87' lang='lat' dir='ltr'>ex</span> <span class='ocrx_word' id='word_1_6' title='bbox 505 881 609 963; x_wconf 87' lang='lat' dir='ltr'>parte</span> <span class='ocrx_word' id='word_1_7' title='bbox 622 868 737 940; x_wconf 87' lang='lat' dir='ltr'>altera</span> <span class='ocrx_word' id='word_1_8' title='bbox 748 864 1007 959; x_wconf 82' lang='lat' dir='ltr'>testaturquod</span> <span class='ocrx_word' id='word_1_9' title='bbox 1021 866 1137 937; x_wconf 72' lang='lat' dir='ltr'>dictus</span> <span class='ocrx_word' id='word_1_10' title='bbox 1149 865 1335 940; x_wconf 84' lang='lat' dir='ltr'>Jobunnes</span> <span class='ocrx_word' id='word_1_11' title='bbox 1352 868 1596 943; x_wconf 76' lang='lat' dir='ltr'>cumconsilio</span> 
     </span>
     <span class='ocr_line' id='line_1_3' title="bbox 256 976 1597 1076; baseline 0.003 -24"><span class='ocrx_word' id='word_1_12' title='bbox 256 991 294 1052; x_wconf 90' lang='lat' dir='ltr'>et</span> <span class='ocrx_word' id='word_1_13' title='bbox 310 978 447 1054; x_wconf 81' lang='lat' dir='ltr'>offensu</span> <span class='ocrx_word' id='word_1_14' title='bbox 464 982 622 1076; x_wconf 78' lang='lat' dir='ltr'><strong>Agnetis</strong></span> <span class='ocrx_word' id='word_1_15' title='bbox 634 991 673 1052; x_wconf 89' lang='lat' dir='ltr'>et</span> <span class='ocrx_word' id='word_1_16' title='bbox 691 978 882 1050; x_wconf 75' lang='lat' dir='ltr'>Elisabeth</span> <span class='ocrx_word' id='word_1_17' title='bbox 899 977 1057 1050; x_wconf 92' lang='lat' dir='ltr'>sororum</span> <span class='ocrx_word' id='word_1_18' title='bbox 1077 976 1219 1050; x_wconf 86' lang='lat' dir='ltr'>suarum</span> <span class='ocrx_word' id='word_1_19' title='bbox 1236 989 1275 1050; x_wconf 90' lang='lat' dir='ltr'>et</span> <span class='ocrx_word' id='word_1_20' title='bbox 1293 977 1446 1051; x_wconf 88' lang='lat' dir='ltr'>aliorum</span> <span class='ocrx_word' id='word_1_21' title='bbox 1464 985 1597 1056; x_wconf 89' lang='lat' dir='ltr'>amico·</span> 
     </span>
     <span class='ocr_line' id='line_1_4' title="bbox 254 1085 1597 1188; baseline 0.004 -25"><span class='ocrx_word' id='word_1_22' title='bbox 254 1117 333 1164; x_wconf 91' lang='lat' dir='ltr'>rom</span> <span class='ocrx_word' id='word_1_23' title='bbox 355 1091 499 1165; x_wconf 92' lang='lat' dir='ltr'>suorum</span> <span class='ocrx_word' id='word_1_24' title='bbox 522 1095 816 1188; x_wconf 88' lang='lat' dir='ltr'>propinquiorum</span> <span class='ocrx_word' id='word_1_25' title='bbox 839 1085 1010 1163; x_wconf 82' lang='lat' dir='ltr'>concessit</span> <span class='ocrx_word' id='word_1_26' title='bbox 1036 1092 1198 1164; x_wconf 88' lang='lat' dir='ltr'>vendidit</span> <span class='ocrx_word' id='word_1_27' title='bbox 1222 1099 1261 1162; x_wconf 89' lang='lat' dir='ltr'>et</span> <span class='ocrx_word' id='word_1_28' title='bbox 1291 1095 1437 1184; x_wconf 90' lang='lat' dir='ltr'>penitus</span> <span class='ocrx_word' id='word_1_29' title='bbox 1463 1093 1597 1168; x_wconf 84' lang='lat' dir='ltr'>dimisit</span> 
     </span>
     <span class='ocr_line' id='line_1_5' title="bbox 253 1203 1595 1299; baseline 0.004 -24"><span class='ocrx_word' id='word_1_30' title='bbox 253 1205 357 1277; x_wconf 79' lang='lat' dir='ltr'>dittis</span> <span class='ocrx_word' id='word_1_31' title='bbox 372 1203 510 1277; x_wconf 79' lang='lat' dir='ltr'>Thome</span> <span class='ocrx_word' id='word_1_32' title='bbox 527 1215 565 1276; x_wconf 90' lang='lat' dir='ltr'>et</span> <span class='ocrx_word' id='word_1_33' title='bbox 579 1205 788 1299; x_wconf 81' lang='lat' dir='ltr'>Margarete</span> <span class='ocrx_word' id='word_1_34' title='bbox 804 1212 925 1274; x_wconf 89' lang='lat' dir='ltr'>totum</span> <span class='ocrx_word' id='word_1_35' title='bbox 943 1227 1103 1275; x_wconf 87' lang='lat' dir='ltr'>annuum</span> <span class='ocrx_word' id='word_1_36' title='bbox 1121 1203 1304 1274; x_wconf 85' lang='lat' dir='ltr'>redditum</span> <span class='ocrx_word' id='word_1_37' title='bbox 1322 1203 1424 1276; x_wconf 88' lang='lat' dir='ltr'>suurn</span> <span class='ocrx_word' id='word_1_38' title='bbox 1442 1207 1595 1280; x_wconf 86' lang='lat' dir='ltr'>duarum</span> 
     </span>
     <span class='ocr_line' id='line_1_6' title="bbox 252 1312 1596 1411; baseline 0.002 -22"><span class='ocrx_word' id='word_1_39' title='bbox 252 1339 452 1389; x_wconf 83' lang='lat' dir='ltr'>marcarum</span> <span class='ocrx_word' id='word_1_40' title='bbox 481 1312 731 1411; x_wconf 82' lang='lat' dir='ltr'>sterlingorum</span> <span class='ocrx_word' id='word_1_41' title='bbox 764 1312 880 1408; x_wconf 91' lang='lat' dir='ltr'>ipsum</span> <span class='ocrx_word' id='word_1_42' title='bbox 905 1317 984 1386; x_wconf 92' lang='lat' dir='ltr'>iure</span> <span class='ocrx_word' id='word_1_43' title='bbox 1014 1315 1225 1386; x_wconf 84' lang='lat' dir='ltr'>hereditarie</span> <span class='ocrx_word' id='word_1_44' title='bbox 1252 1319 1524 1410; x_wconf 84' lang='lat' dir='ltr'>contingentem</span> <span class='ocrx_word' id='word_1_45' title='bbox 1551 1321 1596 1392; x_wconf 90' lang='lat' dir='ltr'>de</span> 
     </span>
     <span class='ocr_line' id='line_1_7' title="bbox 251 1423 1595 1523; baseline 0.002 -24"><span class='ocrx_word' id='word_1_46' title='bbox 251 1429 315 1501; x_wconf 93' lang='lat' dir='ltr'>illa</span> <span class='ocrx_word' id='word_1_47' title='bbox 332 1440 429 1500; x_wconf 87' lang='lat' dir='ltr'>terra</span> <span class='ocrx_word' id='word_1_48' title='bbox 445 1430 530 1501; x_wconf 72' lang='lat' dir='ltr'>diui</span> <span class='ocrx_word' id='word_1_49' title='bbox 544 1430 724 1522; x_wconf 88' lang='lat' dir='ltr'>quondam</span> <span class='ocrx_word' id='word_1_50' title='bbox 743 1427 895 1498; x_wconf 86' lang='lat' dir='ltr'>Roberti</span> <span class='ocrx_word' id='word_1_51' title='bbox 911 1430 1024 1520; x_wconf 90' lang='lat' dir='ltr'>patris</span> <span class='ocrx_word' id='word_1_52' title='bbox 1042 1423 1092 1497; x_wconf 91' lang='lat' dir='ltr'>sui</span> <span class='ocrx_word' id='word_1_53' title='bbox 1110 1429 1252 1498; x_wconf 89' lang='lat' dir='ltr'>iacente</span> <span class='ocrx_word' id='word_1_54' title='bbox 1269 1428 1363 1498; x_wconf 88' lang='lat' dir='ltr'>infra</span> <span class='ocrx_word' id='word_1_55' title='bbox 1380 1428 1533 1523; x_wconf 84' lang='lat' dir='ltr'>burgum</span> <span class='ocrx_word' id='word_1_56' title='bbox 1551 1432 1595 1502; x_wconf 93' lang='lat' dir='ltr'>de</span> 
     </span>
     <span class='ocr_line' id='line_1_8' title="bbox 251 1535 1596 1633; baseline 0.001 -21"><span class='ocrx_word' id='word_1_57' title='bbox 251 1541 425 1612; x_wconf 86' lang='lat' dir='ltr'>Aberden</span> <span class='ocrx_word' id='word_1_58' title='bbox 442 1542 481 1612; x_wconf 91' lang='lat' dir='ltr'>in</span> <span class='ocrx_word' id='word_1_59' title='bbox 498 1543 578 1613; x_wconf 84' lang='lat' dir='ltr'>rico</span> <span class='ocrx_word' id='word_1_60' title='bbox 595 1543 777 1612; x_wconf 85' lang='lat' dir='ltr'>furcarum</span> <span class='ocrx_word' id='word_1_61' title='bbox 795 1561 842 1609; x_wconf 86' lang='lat' dir='ltr'>ex</span> <span class='ocrx_word' id='word_1_62' title='bbox 859 1540 1027 1611; x_wconf 81' lang='lat' dir='ltr'>orientali</span> <span class='ocrx_word' id='word_1_63' title='bbox 1040 1549 1142 1633; x_wconf 86' lang='lat' dir='ltr'>perte</span> <span class='ocrx_word' id='word_1_64' title='bbox 1154 1535 1312 1614; x_wconf 87' lang='lat' dir='ltr'>eiusdem</span> <span class='ocrx_word' id='word_1_65' title='bbox 1331 1541 1400 1611; x_wconf 81' lang='lat' dir='ltr'>rici</span> <span class='ocrx_word' id='word_1_66' title='bbox 1418 1541 1596 1614; x_wconf 86' lang='lat' dir='ltr'>interter-</span> 
     </span>
     <span class='ocr_line' id='line_1_9' title="bbox 250 1649 1593 1744; baseline 0.001 -19"><span class='ocrx_word' id='word_1_67' title='bbox 250 1676 327 1725; x_wconf 91' lang='lat' dir='ltr'>ram</span> <span class='ocrx_word' id='word_1_68' title='bbox 346 1668 432 1726; x_wconf 88' lang='lat' dir='ltr'>tunc</span> <span class='ocrx_word' id='word_1_69' title='bbox 449 1651 629 1726; x_wconf 89' lang='lat' dir='ltr'>Johannis</span> <span class='ocrx_word' id='word_1_70' title='bbox 646 1654 692 1724; x_wconf 89' lang='lat' dir='ltr'>de</span> <span class='ocrx_word' id='word_1_71' title='bbox 706 1651 831 1724; x_wconf 81' lang='lat' dir='ltr'>Ettale</span> <span class='ocrx_word' id='word_1_72' title='bbox 847 1649 968 1722; x_wconf 88' lang='lat' dir='ltr'>versus</span> <span class='ocrx_word' id='word_1_73' title='bbox 981 1651 1128 1724; x_wconf 89' lang='lat' dir='ltr'>boream</span> <span class='ocrx_word' id='word_1_74' title='bbox 1143 1675 1189 1722; x_wconf 84' lang='lat' dir='ltr'>ex</span> <span class='ocrx_word' id='word_1_75' title='bbox 1206 1661 1310 1744; x_wconf 83' lang='lat' dir='ltr'>parte</span> <span class='ocrx_word' id='word_1_76' title='bbox 1324 1675 1394 1724; x_wconf 85' lang='lat' dir='ltr'>vna</span> <span class='ocrx_word' id='word_1_77' title='bbox 1405 1661 1442 1723; x_wconf 85' lang='lat' dir='ltr'>et</span> <span class='ocrx_word' id='word_1_78' title='bbox 1459 1663 1593 1727; x_wconf 90' lang='lat' dir='ltr'>terram</span> 
     </span>
     <span class='ocr_line' id='line_1_10' title="bbox 248 1760 1592 1858; baseline 0.002 -22"><span class='ocrx_word' id='word_1_79' title='bbox 248 1777 338 1837; x_wconf 89' lang='lat' dir='ltr'>tunc</span> <span class='ocrx_word' id='word_1_80' title='bbox 354 1766 531 1838; x_wconf 80' lang='lat' dir='ltr'>lobannis</span> <span class='ocrx_word' id='word_1_81' title='bbox 556 1765 724 1838; x_wconf 77' lang='lat' dir='ltr'>aurifabri</span> <span class='ocrx_word' id='word_1_82' title='bbox 751 1760 870 1835; x_wconf 84' lang='lat' dir='ltr'>versus</span> <span class='ocrx_word' id='word_1_83' title='bbox 896 1761 1055 1835; x_wconf 87' lang='lat' dir='ltr'>austrum</span> <span class='ocrx_word' id='word_1_84' title='bbox 1074 1787 1120 1858; x_wconf 81' lang='lat' dir='ltr'>ex</span> <span class='ocrx_word' id='word_1_85' title='bbox 1145 1773 1249 1857; x_wconf 86' lang='lat' dir='ltr'>parte</span> <span class='ocrx_word' id='word_1_86' title='bbox 1268 1763 1385 1836; x_wconf 85' lang='lat' dir='ltr'>altera</span> <span class='ocrx_word' id='word_1_87' title='bbox 1411 1789 1496 1837; x_wconf 91' lang='lat' dir='ltr'>cum</span> <span class='ocrx_word' id='word_1_88' title='bbox 1512 1777 1592 1839; x_wconf 87' lang='lat' dir='ltr'>toto</span> 
     </span>
     <span class='ocr_line' id='line_1_11' title="bbox 249 1875 1592 1971; baseline 0.003 -23"><span class='ocrx_word' id='word_1_89' title='bbox 249 1880 328 1948; x_wconf 89' lang='lat' dir='ltr'>iure</span> <span class='ocrx_word' id='word_1_90' title='bbox 345 1889 384 1950; x_wconf 87' lang='lat' dir='ltr'>et</span> <span class='ocrx_word' id='word_1_91' title='bbox 401 1879 538 1950; x_wconf 88' lang='lat' dir='ltr'>clarueo</span> <span class='ocrx_word' id='word_1_92' title='bbox 556 1878 651 1971; x_wconf 89' lang='lat' dir='ltr'>quod</span> <span class='ocrx_word' id='word_1_93' title='bbox 668 1876 727 1948; x_wconf 80' lang='lat' dir='ltr'>rel</span> <span class='ocrx_word' id='word_1_94' title='bbox 753 1899 861 1970; x_wconf 90' lang='lat' dir='ltr'>quem</span> <span class='ocrx_word' id='word_1_95' title='bbox 879 1877 1059 1968; x_wconf 80' lang='lat' dir='ltr'>predittus</span> <span class='ocrx_word' id='word_1_96' title='bbox 1084 1875 1270 1947; x_wconf 78' lang='lat' dir='ltr'>lohannes</span> <span class='ocrx_word' id='word_1_97' title='bbox 1291 1876 1346 1948; x_wconf 85' lang='lat' dir='ltr'>vel</span> <span class='ocrx_word' id='word_1_98' title='bbox 1364 1875 1416 1948; x_wconf 93' lang='lat' dir='ltr'>sui</span> <span class='ocrx_word' id='word_1_99' title='bbox 1441 1879 1592 1952; x_wconf 88' lang='lat' dir='ltr'>heredes</span> 
     </span>
     <span class='ocr_line' id='line_1_12' title="bbox 250 1985 1593 2083; baseline 0.004 -24"><span class='ocrx_word' id='word_1_100' title='bbox 250 1989 387 2062; x_wconf 86' lang='lat' dir='ltr'>babent</span> <span class='ocrx_word' id='word_1_101' title='bbox 403 1989 462 2062; x_wconf 81' lang='lat' dir='ltr'>rel</span> <span class='ocrx_word' id='word_1_102' title='bbox 475 1991 608 2062; x_wconf 87' lang='lat' dir='ltr'>habere</span> <span class='ocrx_word' id='word_1_103' title='bbox 624 1997 797 2082; x_wconf 86' lang='lat' dir='ltr'>poterunt</span> <span class='ocrx_word' id='word_1_104' title='bbox 807 1988 845 2058; x_wconf 92' lang='lat' dir='ltr'>in</span> <span class='ocrx_word' id='word_1_105' title='bbox 863 1989 1065 2060; x_wconf 67' lang='lat' dir='ltr'>discaterra</span> <span class='ocrx_word' id='word_1_106' title='bbox 1077 1985 1303 2082; x_wconf 83' lang='lat' dir='ltr'>presentibus</span> <span class='ocrx_word' id='word_1_107' title='bbox 1317 1992 1540 2083; x_wconf 80' lang='lat' dir='ltr'>temporibus</span> <span class='ocrx_word' id='word_1_108' title='bbox 1554 2007 1593 2066; x_wconf 92' lang='lat' dir='ltr'>et</span> 
     </span>
     <span class='ocr_line' id='line_1_13' title="bbox 250 2096 1591 2197; baseline 0.003 -25"><span class='ocrx_word' id='word_1_109' title='bbox 250 2103 381 2174; x_wconf 85' lang='lat' dir='ltr'>futuris</span> <span class='ocrx_word' id='word_1_110' title='bbox 398 2127 463 2196; x_wconf 93' lang='lat' dir='ltr'>pro</span> <span class='ocrx_word' id='word_1_111' title='bbox 480 2103 644 2174; x_wconf 76' lang='lat' dir='ltr'>undecim</span> <span class='ocrx_word' id='word_1_112' title='bbox 662 2101 762 2171; x_wconf 89' lang='lat' dir='ltr'>libris</span> <span class='ocrx_word' id='word_1_113' title='bbox 779 2096 1028 2196; x_wconf 84' lang='lat' dir='ltr'>sterlingorum</span> <span class='ocrx_word' id='word_1_114' title='bbox 1048 2101 1225 2172; x_wconf 90' lang='lat' dir='ltr'>bonorum</span> <span class='ocrx_word' id='word_1_115' title='bbox 1252 2111 1290 2172; x_wconf 90' lang='lat' dir='ltr'>et</span> <span class='ocrx_word' id='word_1_116' title='bbox 1314 2100 1484 2197; x_wconf 79' lang='lat' dir='ltr'>legalium</span> <span class='ocrx_word' id='word_1_117' title='bbox 1503 2127 1591 2197; x_wconf 87' lang='lat' dir='ltr'>quas</span> 
     </span>
     <span class='ocr_line' id='line_1_14' title="bbox 250 2209 1591 2309; baseline 0.003 -26"><span class='ocrx_word' id='word_1_118' title='bbox 250 2215 347 2285; x_wconf 90' lang='lat' dir='ltr'>idem</span> <span class='ocrx_word' id='word_1_119' title='bbox 363 2215 519 2286; x_wconf 82' lang='lat' dir='ltr'>Thomas</span> <span class='ocrx_word' id='word_1_120' title='bbox 536 2215 694 2309; x_wconf 79' lang='lat' dir='ltr'>preditto</span> <span class='ocrx_word' id='word_1_121' title='bbox 719 2212 744 2283; x_wconf 86' lang='lat' dir='ltr'>J</span> <span class='ocrx_word' id='word_1_122' title='bbox 746 2212 879 2284; x_wconf 88' lang='lat' dir='ltr'>obauui</span> <span class='ocrx_word' id='word_1_123' title='bbox 896 2216 934 2284; x_wconf 91' lang='lat' dir='ltr'>in</span> <span class='ocrx_word' id='word_1_124' title='bbox 951 2211 1014 2284; x_wconf 90' lang='lat' dir='ltr'>sua</span> <span class='ocrx_word' id='word_1_125' title='bbox 1029 2215 1131 2309; x_wconf 85' lang='lat' dir='ltr'>graui</span> <span class='ocrx_word' id='word_1_126' title='bbox 1148 2209 1359 2286; x_wconf 78' lang='lat' dir='ltr'>necestitate</span> <span class='ocrx_word' id='word_1_127' title='bbox 1376 2215 1529 2306; x_wconf 86' lang='lat' dir='ltr'>probata</span> <span class='ocrx_word' id='word_1_128' title='bbox 1553 2218 1591 2287; x_wconf 91' lang='lat' dir='ltr'>in</span> 
     </span>
     <span class='ocr_line' id='line_1_15' title="bbox 249 2321 1592 2420; baseline 0.004 -26"><span class='ocrx_word' id='word_1_129' title='bbox 249 2327 415 2398; x_wconf 87' lang='lat' dir='ltr'>manibus</span> <span class='ocrx_word' id='word_1_130' title='bbox 431 2327 572 2420; x_wconf 87' lang='lat' dir='ltr'>plenius</span> <span class='ocrx_word' id='word_1_131' title='bbox 589 2324 760 2418; x_wconf 89' lang='lat' dir='ltr'>persoluit</span> <span class='ocrx_word' id='word_1_132' title='bbox 775 2326 819 2396; x_wconf 88' lang='lat' dir='ltr'>ad</span> <span class='ocrx_word' id='word_1_133' title='bbox 845 2321 906 2397; x_wconf 89' lang='lat' dir='ltr'>sua</span> <span class='ocrx_word' id='word_1_134' title='bbox 923 2325 1047 2397; x_wconf 87' lang='lat' dir='ltr'>debita</span> <span class='ocrx_word' id='word_1_135' title='bbox 1070 2323 1306 2419; x_wconf 89' lang='lat' dir='ltr'>persoluenda</span> <span class='ocrx_word' id='word_1_136' title='bbox 1323 2335 1362 2397; x_wconf 89' lang='lat' dir='ltr'>et</span> <span class='ocrx_word' id='word_1_137' title='bbox 1379 2328 1423 2398; x_wconf 88' lang='lat' dir='ltr'>ad</span> <span class='ocrx_word' id='word_1_138' title='bbox 1442 2327 1511 2398; x_wconf 87' lang='lat' dir='ltr'>alia</span> <span class='ocrx_word' id='word_1_139' title='bbox 1528 2351 1592 2400; x_wconf 87' lang='lat' dir='ltr'>ne-</span> 
     </span>
     <span class='ocr_line' id='line_1_16' title="bbox 249 2433 1588 2512; baseline 0.003 -4"><span class='ocrx_word' id='word_1_140' title='bbox 249 2434 393 2510; x_wconf 82' lang='lat' dir='ltr'>cessaria</span> <span class='ocrx_word' id='word_1_141' title='bbox 409 2433 475 2509; x_wconf 88' lang='lat' dir='ltr'>fibi</span> <span class='ocrx_word' id='word_1_142' title='bbox 493 2448 581 2509; x_wconf 90' lang='lat' dir='ltr'>tunc</span> <span class='ocrx_word' id='word_1_143' title='bbox 599 2435 735 2507; x_wconf 90' lang='lat' dir='ltr'>summe</span> <span class='ocrx_word' id='word_1_144' title='bbox 752 2437 917 2510; x_wconf 86' lang='lat' dir='ltr'>facienda</span> <span class='ocrx_word' id='word_1_145' title='bbox 931 2475 941 2494; x_wconf 89' lang='lat'><strong>·</strong></span> <span class='ocrx_word' id='word_1_146' title='bbox 957 2437 1172 2510; x_wconf 81' lang='lat' dir='ltr'>Tenendum</span> <span class='ocrx_word' id='word_1_147' title='bbox 1189 2447 1228 2510; x_wconf 89' lang='lat' dir='ltr'>et</span> <span class='ocrx_word' id='word_1_148' title='bbox 1244 2439 1449 2510; x_wconf 83' lang='lat' dir='ltr'>babendum</span> <span class='ocrx_word' id='word_1_149' title='bbox 1468 2448 1588 2512; x_wconf 86' lang='lat' dir='ltr'>totum</span> 
     </span>
     <span class='ocr_line' id='line_1_17' title="bbox 249 2548 1589 2647; baseline 0.003 -27"><span class='ocrx_word' id='word_1_150' title='bbox 249 2550 384 2620; x_wconf 79' lang='lat' dir='ltr'>dittom</span> <span class='ocrx_word' id='word_1_151' title='bbox 402 2573 563 2622; x_wconf 89' lang='lat' dir='ltr'>annuum</span> <span class='ocrx_word' id='word_1_152' title='bbox 589 2548 768 2620; x_wconf 90' lang='lat' dir='ltr'>redditum</span> <span class='ocrx_word' id='word_1_153' title='bbox 787 2573 870 2620; x_wconf 90' lang='lat' dir='ltr'>cum</span> <span class='ocrx_word' id='word_1_154' title='bbox 888 2559 968 2622; x_wconf 91' lang='lat' dir='ltr'>toto</span> <span class='ocrx_word' id='word_1_155' title='bbox 984 2553 1063 2622; x_wconf 91' lang='lat' dir='ltr'>iure</span> <span class='ocrx_word' id='word_1_156' title='bbox 1088 2561 1127 2622; x_wconf 90' lang='lat' dir='ltr'>et</span> <span class='ocrx_word' id='word_1_157' title='bbox 1144 2550 1283 2622; x_wconf 87' lang='lat' dir='ltr'>clameo</span> <span class='ocrx_word' id='word_1_158' title='bbox 1299 2549 1508 2645; x_wconf 78' lang='lat' dir='ltr'>supradictis</span> <span class='ocrx_word' id='word_1_159' title='bbox 1524 2576 1589 2647; x_wconf 94' lang='lat' dir='ltr'>pro</span> 
     </span>
     <span class='ocr_line' id='line_1_18' title="bbox 248 2659 1589 2757; baseline 0.003 -25"><span class='ocrx_word' id='word_1_160' title='bbox 248 2662 406 2754; x_wconf 73' lang='lat' dir='ltr'>predicta</span> <span class='ocrx_word' id='word_1_161' title='bbox 421 2659 560 2733; x_wconf 91' lang='lat' dir='ltr'>summa</span> <span class='ocrx_word' id='word_1_162' title='bbox 575 2661 728 2754; x_wconf 91' lang='lat' dir='ltr'>pecunie</span> <span class='ocrx_word' id='word_1_163' title='bbox 744 2660 847 2731; x_wconf 70' lang='lat' dir='ltr'>dietis</span> <span class='ocrx_word' id='word_1_164' title='bbox 871 2661 1009 2733; x_wconf 83' lang='lat' dir='ltr'>Thorne</span> <span class='ocrx_word' id='word_1_165' title='bbox 1027 2672 1065 2734; x_wconf 88' lang='lat' dir='ltr'>et</span> <span class='ocrx_word' id='word_1_166' title='bbox 1092 2662 1300 2757; x_wconf 79' lang='lat' dir='ltr'>Margarete</span> <span class='ocrx_word' id='word_1_167' title='bbox 1323 2661 1446 2756; x_wconf 91' lang='lat' dir='ltr'>sponse</span> <span class='ocrx_word' id='word_1_168' title='bbox 1465 2660 1524 2736; x_wconf 90' lang='lat' dir='ltr'>sue</span> <span class='ocrx_word' id='word_1_169' title='bbox 1550 2675 1589 2736; x_wconf 89' lang='lat' dir='ltr'>et</span> 
     </span>
     <span class='ocr_line' id='line_1_19' title="bbox 248 2771 1589 2871; baseline 0.003 -27"><span class='ocrx_word' id='word_1_170' title='bbox 248 2796 373 2844; x_wconf 87' lang='lat' dir='ltr'>eorum</span> <span class='ocrx_word' id='word_1_171' title='bbox 386 2776 523 2845; x_wconf 88' lang='lat' dir='ltr'>diutius</span> <span class='ocrx_word' id='word_1_172' title='bbox 539 2774 678 2845; x_wconf 74' lang='lat' dir='ltr'>uiuenti</span> <span class='ocrx_word' id='word_1_173' title='bbox 695 2797 737 2844; x_wconf 87' lang='lat' dir='ltr'>ac</span> <span class='ocrx_word' id='word_1_174' title='bbox 760 2775 957 2845; x_wconf 89' lang='lat' dir='ltr'>eorundem</span> <span class='ocrx_word' id='word_1_175' title='bbox 977 2774 1098 2846; x_wconf 88' lang='lat' dir='ltr'>liberis</span> <span class='ocrx_word' id='word_1_176' title='bbox 1110 2776 1207 2846; x_wconf 87' lang='lat' dir='ltr'>inter</span> <span class='ocrx_word' id='word_1_177' title='bbox 1223 2771 1315 2867; x_wconf 92' lang='lat' dir='ltr'>ipsos</span> <span class='ocrx_word' id='word_1_178' title='bbox 1333 2775 1496 2870; x_wconf 85' lang='lat' dir='ltr'>legitime</span> <span class='ocrx_word' id='word_1_179' title='bbox 1508 2800 1589 2871; x_wconf 94' lang='lat' dir='ltr'>pro-</span> 
     </span>
     <span class='ocr_line' id='line_1_20' title="bbox 247 2873 1588 2981; baseline 0.003 -24"><span class='ocrx_word' id='word_1_180' title='bbox 247 2889 378 2958; x_wconf 87' lang='lat' dir='ltr'>creatis</span> <span class='ocrx_word' id='word_1_181' title='bbox 394 2883 455 2958; x_wconf 90' lang='lat' dir='ltr'>seu</span> <span class='ocrx_word' id='word_1_182' title='bbox 474 2885 700 2981; x_wconf 79' lang='lat' dir='ltr'>procreandis</span> <span class='ocrx_word' id='word_1_183' title='bbox 716 2873 829 2956; x_wconf 82' lang='lat' dir='ltr'>libere</span> <span class='ocrx_word' id='word_1_184' title='bbox 839 2887 963 2978; x_wconf 90' lang='lat' dir='ltr'>quiete</span> <span class='ocrx_word' id='word_1_185' title='bbox 975 2887 1069 2958; x_wconf 91' lang='lat' dir='ltr'>bene</span> <span class='ocrx_word' id='word_1_186' title='bbox 1088 2897 1126 2958; x_wconf 89' lang='lat' dir='ltr'>et</span> <span class='ocrx_word' id='word_1_187' title='bbox 1143 2887 1181 2956; x_wconf 91' lang='lat' dir='ltr'>in</span> <span class='ocrx_word' id='word_1_188' title='bbox 1199 2909 1286 2978; x_wconf 86' lang='lat' dir='ltr'>pace</span> <span class='ocrx_word' id='word_1_189' title='bbox 1304 2882 1379 2958; x_wconf 87' lang='lat' dir='ltr'>line</span> <span class='ocrx_word' id='word_1_190' title='bbox 1396 2886 1517 2980; x_wconf 85' lang='lat' dir='ltr'>aliqua</span> <span class='ocrx_word' id='word_1_191' title='bbox 1533 2911 1588 2960; x_wconf 92' lang='lat' dir='ltr'>re-</span> 
     </span>
     <span class='ocr_line' id='line_1_21' title="bbox 247 2994 1586 3091; baseline 0.001 -21"><span class='ocrx_word' id='word_1_192' title='bbox 247 2998 463 3071; x_wconf 86' lang='lat' dir='ltr'>clamatione</span> <span class='ocrx_word' id='word_1_193' title='bbox 473 2997 533 3070; x_wconf 88' lang='lat' dir='ltr'>seo</span> <span class='ocrx_word' id='word_1_194' title='bbox 544 2998 825 3070; x_wconf 61' lang='lat' dir='ltr'>contradidione</span> <span class='ocrx_word' id='word_1_195' title='bbox 837 2998 986 3091; x_wconf 81' lang='lat' dir='ltr'>preditti</span> <span class='ocrx_word' id='word_1_196' title='bbox 998 2997 1176 3069; x_wconf 78' lang='lat' dir='ltr'>lobannis</span> <span class='ocrx_word' id='word_1_197' title='bbox 1188 2996 1245 3067; x_wconf 88' lang='lat' dir='ltr'>vel</span> <span class='ocrx_word' id='word_1_198' title='bbox 1256 2997 1431 3068; x_wconf 91' lang='lat' dir='ltr'>heredum</span> <span class='ocrx_word' id='word_1_199' title='bbox 1445 2994 1586 3072; x_wconf 91' lang='lat' dir='ltr'>suorum</span> 
     </span>
     <span class='ocr_line' id='line_1_22' title="bbox 247 3105 1588 3204; baseline 0 -22"><span class='ocrx_word' id='word_1_200' title='bbox 247 3121 310 3182; x_wconf 86' lang='lat' dir='ltr'>aut</span> <span class='ocrx_word' id='word_1_201' title='bbox 327 3111 477 3182; x_wconf 89' lang='lat' dir='ltr'>alicuius</span> <span class='ocrx_word' id='word_1_202' title='bbox 494 3111 642 3182; x_wconf 88' lang='lat' dir='ltr'>alterius</span> <span class='ocrx_word' id='word_1_203' title='bbox 666 3111 813 3180; x_wconf 88' lang='lat' dir='ltr'>nomine</span> <span class='ocrx_word' id='word_1_204' title='bbox 838 3105 900 3179; x_wconf 94' lang='lat' dir='ltr'>suo</span> <span class='ocrx_word' id='word_1_205' title='bbox 925 3110 1193 3202; x_wconf 86' lang='lat' dir='ltr'>imperpetuum</span> <span class='ocrx_word' id='word_1_206' title='bbox 1219 3109 1409 3180; x_wconf 86' lang='lat' dir='ltr'>facienda·</span> <span class='ocrx_word' id='word_1_207' title='bbox 1436 3108 1588 3204; x_wconf 89' lang='lat' dir='ltr'>Insuper</span> 
     </span>
     <span class='ocr_line' id='line_1_23' title="bbox 245 3217 1586 3316; baseline 0.001 -23"><span class='ocrx_word' id='word_1_208' title='bbox 245 3234 467 3293; x_wconf 90' lang='lat' dir='ltr'>conuentum</span> <span class='ocrx_word' id='word_1_209' title='bbox 485 3219 539 3294; x_wconf 88' lang='lat' dir='ltr'>est</span> <span class='ocrx_word' id='word_1_210' title='bbox 564 3223 661 3292; x_wconf 89' lang='lat' dir='ltr'>inter</span> <span class='ocrx_word' id='word_1_211' title='bbox 685 3217 827 3292; x_wconf 89' lang='lat' dir='ltr'>eosdem</span> <span class='ocrx_word' id='word_1_212' title='bbox 845 3221 940 3314; x_wconf 88' lang='lat' dir='ltr'>quod</span> <span class='ocrx_word' id='word_1_213' title='bbox 958 3217 984 3291; x_wconf 89' lang='lat' dir='ltr'>sr</span> <span class='ocrx_word' id='word_1_214' title='bbox 1010 3223 1199 3316; x_wconf 81' lang='lat' dir='ltr'>contingat</span> <span class='ocrx_word' id='word_1_215' title='bbox 1217 3220 1330 3293; x_wconf 74' lang='lat' dir='ltr'>dictos</span> <span class='ocrx_word' id='word_1_216' title='bbox 1345 3221 1521 3294; x_wconf 86' lang='lat' dir='ltr'>Thomam</span> <span class='ocrx_word' id='word_1_217' title='bbox 1547 3235 1586 3296; x_wconf 92' lang='lat' dir='ltr'>et</span> 
     </span>
     <span class='ocr_line' id='line_1_24' title="bbox 247 3328 1585 3428; baseline 0.002 -24"><span class='ocrx_word' id='word_1_218' title='bbox 247 3333 492 3428; x_wconf 84' lang='lat' dir='ltr'>Margaretam</span> <span class='ocrx_word' id='word_1_219' title='bbox 510 3333 643 3425; x_wconf 86' lang='lat' dir='ltr'>absque</span> <span class='ocrx_word' id='word_1_220' title='bbox 659 3331 781 3404; x_wconf 88' lang='lat' dir='ltr'>liberis</span> <span class='ocrx_word' id='word_1_221' title='bbox 799 3333 844 3404; x_wconf 90' lang='lat' dir='ltr'>de</span> <span class='ocrx_word' id='word_1_222' title='bbox 861 3333 1069 3426; x_wconf 85' lang='lat' dir='ltr'>corporibus</span> <span class='ocrx_word' id='word_1_223' title='bbox 1086 3328 1155 3403; x_wconf 93' lang='lat' dir='ltr'>suis</span> <span class='ocrx_word' id='word_1_224' title='bbox 1172 3331 1353 3426; x_wconf 86' lang='lat' dir='ltr'>legittime</span> <span class='ocrx_word' id='word_1_225' title='bbox 1367 3335 1585 3407; x_wconf 87' lang='lat' dir='ltr'>exeuntibus</span> 
     </span>
     <span class='ocr_line' id='line_1_25' title="bbox 244 3442 1584 3538; baseline 0.002 -23"><span class='ocrx_word' id='word_1_226' title='bbox 244 3446 340 3538; x_wconf 89' lang='lat' dir='ltr'>quod</span> <span class='ocrx_word' id='word_1_227' title='bbox 358 3443 449 3518; x_wconf 85' lang='lat' dir='ltr'>absit</span> <span class='ocrx_word' id='word_1_228' title='bbox 466 3448 504 3530; x_wconf 85' lang='lat' dir='ltr'>in</span> <span class='ocrx_word' id='word_1_229' title='bbox 522 3448 598 3518; x_wconf 84' lang='lat' dir='ltr'>fata</span> <span class='ocrx_word' id='word_1_230' title='bbox 615 3442 788 3517; x_wconf 87' lang='lat' dir='ltr'>decedere</span> <span class='ocrx_word' id='word_1_231' title='bbox 805 3445 921 3515; x_wconf 62' lang='lat' dir='ltr'>didus</span> <span class='ocrx_word' id='word_1_232' title='bbox 938 3453 1040 3515; x_wconf 83' lang='lat' dir='ltr'>totus</span> <span class='ocrx_word' id='word_1_233' title='bbox 1057 3466 1198 3514; x_wconf 87' lang='lat' dir='ltr'>annuus</span> <span class='ocrx_word' id='word_1_234' title='bbox 1225 3444 1387 3516; x_wconf 90' lang='lat' dir='ltr'>redditus</span> <span class='ocrx_word' id='word_1_235' title='bbox 1404 3469 1486 3516; x_wconf 91' lang='lat' dir='ltr'>cum</span> <span class='ocrx_word' id='word_1_236' title='bbox 1506 3457 1584 3518; x_wconf 87' lang='lat' dir='ltr'>toto</span> 
     </span>
     <span class='ocr_line' id='line_1_26' title="bbox 242 3554 1584 3652; baseline 0.002 -25"><span class='ocrx_word' id='word_1_237' title='bbox 242 3559 322 3628; x_wconf 89' lang='lat' dir='ltr'>iore</span> <span class='ocrx_word' id='word_1_238' title='bbox 339 3569 378 3630; x_wconf 88' lang='lat' dir='ltr'>et</span> <span class='ocrx_word' id='word_1_239' title='bbox 395 3558 533 3630; x_wconf 89' lang='lat' dir='ltr'>clameo</span> <span class='ocrx_word' id='word_1_240' title='bbox 546 3556 753 3650; x_wconf 80' lang='lat' dir='ltr'>supradittis</span> <span class='ocrx_word' id='word_1_241' title='bbox 770 3557 909 3649; x_wconf 83' lang='lat' dir='ltr'>prefato</span> <span class='ocrx_word' id='word_1_242' title='bbox 922 3554 1081 3628; x_wconf 86' lang='lat' dir='ltr'>Johanni</span> <span class='ocrx_word' id='word_1_243' title='bbox 1100 3566 1138 3627; x_wconf 89' lang='lat' dir='ltr'>et</span> <span class='ocrx_word' id='word_1_244' title='bbox 1154 3557 1347 3628; x_wconf 91' lang='lat' dir='ltr'>heredibus</span> <span class='ocrx_word' id='word_1_245' title='bbox 1359 3554 1428 3628; x_wconf 92' lang='lat' dir='ltr'>suis</span> <span class='ocrx_word' id='word_1_246' title='bbox 1439 3560 1584 3652; x_wconf 90' lang='lat' dir='ltr'>propin·</span> 
     </span>
     <span class='ocr_line' id='line_1_27' title="bbox 243 3665 1582 3764; baseline 0.001 -23"><span class='ocrx_word' id='word_1_247' title='bbox 243 3671 427 3763; x_wconf 86' lang='lat' dir='ltr'>quioribus</span> <span class='ocrx_word' id='word_1_248' title='bbox 451 3679 657 3742; x_wconf 80' lang='lat' dir='ltr'>reuertetur</span> <span class='ocrx_word' id='word_1_249' title='bbox 672 3692 736 3762; x_wconf 92' lang='lat' dir='ltr'>pro</span> <span class='ocrx_word' id='word_1_250' title='bbox 762 3669 927 3740; x_wconf 80' lang='lat' dir='ltr'>undecim</span> <span class='ocrx_word' id='word_1_251' title='bbox 945 3669 1046 3740; x_wconf 89' lang='lat' dir='ltr'>libris</span> <span class='ocrx_word' id='word_1_252' title='bbox 1073 3665 1324 3764; x_wconf 85' lang='lat' dir='ltr'>sterlingorum</span> <span class='ocrx_word' id='word_1_253' title='bbox 1341 3671 1517 3741; x_wconf 91' lang='lat' dir='ltr'>bonorum</span> <span class='ocrx_word' id='word_1_254' title='bbox 1544 3681 1582 3743; x_wconf 90' lang='lat' dir='ltr'>et</span> 
     </span>
     <span class='ocr_line' id='line_1_28' title="bbox 241 3777 1580 3878; baseline 0 -24"><span class='ocrx_word' id='word_1_255' title='bbox 241 3781 413 3878; x_wconf 79' lang='lat' dir='ltr'>legalium</span> <span class='ocrx_word' id='word_1_256' title='bbox 430 3783 623 3854; x_wconf 87' lang='lat' dir='ltr'>heredibus</span> <span class='ocrx_word' id='word_1_257' title='bbox 640 3780 893 3852; x_wconf 84' lang='lat' dir='ltr'>executoribus</span> <span class='ocrx_word' id='word_1_258' title='bbox 909 3780 967 3851; x_wconf 80' lang='lat' dir='ltr'>rel</span> <span class='ocrx_word' id='word_1_259' title='bbox 986 3777 1168 3875; x_wconf 85' lang='lat' dir='ltr'>allignatis</span> <span class='ocrx_word' id='word_1_260' title='bbox 1194 3781 1278 3851; x_wconf 73' lang='lat' dir='ltr'>dicti</span> <span class='ocrx_word' id='word_1_261' title='bbox 1297 3779 1436 3852; x_wconf 87' lang='lat' dir='ltr'>Thome</span> <span class='ocrx_word' id='word_1_262' title='bbox 1453 3782 1492 3850; x_wconf 91' lang='lat' dir='ltr'>in</span> <span class='ocrx_word' id='word_1_263' title='bbox 1510 3805 1580 3854; x_wconf 92' lang='lat' dir='ltr'>vno</span> 
     </span>
     <span class='ocr_line' id='line_1_29' title="bbox 240 3886 1578 3986; baseline -0.001 -21"><span class='ocrx_word' id='word_1_264' title='bbox 240 3896 301 3966; x_wconf 90' lang='lat' dir='ltr'>die</span> <span class='ocrx_word' id='word_1_265' title='bbox 321 3891 501 3966; x_wconf 88' lang='lat' dir='ltr'>soluendis</span> <span class='ocrx_word' id='word_1_266' title='bbox 518 3905 556 3966; x_wconf 92' lang='lat' dir='ltr'>et</span> <span class='ocrx_word' id='word_1_267' title='bbox 573 3897 610 3964; x_wconf 92' lang='lat' dir='ltr'>in</span> <span class='ocrx_word' id='word_1_268' title='bbox 629 3891 807 3964; x_wconf 90' lang='lat' dir='ltr'>solutione</span> <span class='ocrx_word' id='word_1_269' title='bbox 831 3893 1053 3986; x_wconf 88' lang='lat' dir='ltr'>competenti</span> <span class='ocrx_word' id='word_1_270' title='bbox 1080 3888 1310 3962; x_wconf 89' lang='lat' dir='ltr'>restituendis</span> <span class='ocrx_word' id='word_1_271' title='bbox 1335 3886 1410 3963; x_wconf 84' lang='lat' dir='ltr'>line</span> <span class='ocrx_word' id='word_1_272' title='bbox 1427 3893 1551 3964; x_wconf 92' lang='lat' dir='ltr'>sraude</span> <span class='ocrx_word' id='word_1_273' title='bbox 1570 3935 1578 3952; x_wconf 92' lang='lat'><strong>·</strong></span> 
     </span>
     <span class='ocr_line' id='line_1_30' title="bbox 240 4000 1580 4101; baseline 0.001 -25"><span class='ocrx_word' id='word_1_274' title='bbox 240 4005 292 4077; x_wconf 87' lang='lat' dir='ltr'>Et</span> <span class='ocrx_word' id='word_1_275' title='bbox 310 4003 337 4077; x_wconf 90' lang='lat' dir='ltr'>sr</span> <span class='ocrx_word' id='word_1_276' title='bbox 354 4009 541 4101; x_wconf 82' lang='lat' dir='ltr'>contingat</span> <span class='ocrx_word' id='word_1_277' title='bbox 558 4007 692 4076; x_wconf 73' lang='lat' dir='ltr'>dictum</span> <span class='ocrx_word' id='word_1_278' title='bbox 705 4003 910 4075; x_wconf 85' lang='lat' dir='ltr'>Johennem</span> <span class='ocrx_word' id='word_1_279' title='bbox 923 4003 981 4074; x_wconf 84' lang='lat' dir='ltr'>vel</span> <span class='ocrx_word' id='word_1_280' title='bbox 998 4004 1149 4074; x_wconf 77' lang='lat' dir='ltr'>heredes</span> <span class='ocrx_word' id='word_1_281' title='bbox 1162 4000 1243 4072; x_wconf 91' lang='lat' dir='ltr'>suos</span> <span class='ocrx_word' id='word_1_282' title='bbox 1260 4005 1530 4096; x_wconf 90' lang='lat' dir='ltr'>propinquiores</span> <span class='ocrx_word' id='word_1_283' title='bbox 1542 4006 1580 4078; x_wconf 91' lang='lat' dir='ltr'>in</span> 
     </span>
     <span class='ocr_line' id='line_1_31' title="bbox 239 4111 1580 4210; baseline 0.001 -22"><span class='ocrx_word' id='word_1_284' title='bbox 239 4115 469 4190; x_wconf 83' lang='lat' dir='ltr'>restitutione</span> <span class='ocrx_word' id='word_1_285' title='bbox 485 4127 524 4188; x_wconf 87' lang='lat' dir='ltr'>et</span> <span class='ocrx_word' id='word_1_286' title='bbox 540 4117 763 4210; x_wconf 87' lang='lat' dir='ltr'>competenti</span> <span class='ocrx_word' id='word_1_287' title='bbox 776 4113 953 4188; x_wconf 91' lang='lat' dir='ltr'>solutione</span> <span class='ocrx_word' id='word_1_288' title='bbox 965 4117 1123 4207; x_wconf 78' lang='lat' dir='ltr'>preditte</span> <span class='ocrx_word' id='word_1_289' title='bbox 1136 4111 1274 4185; x_wconf 90' lang='lat' dir='ltr'>summe</span> <span class='ocrx_word' id='word_1_290' title='bbox 1287 4114 1484 4204; x_wconf 79' lang='lat' dir='ltr'>heredibus¹</span> <span class='ocrx_word' id='word_1_291' title='bbox 1496 4139 1580 4189; x_wconf 86' lang='lat' dir='ltr'>exe-</span> 
     </span>
     <span class='ocr_line' id='line_1_32' title="bbox 239 4221 1580 4324; baseline -0.001 -23"><span class='ocrx_word' id='word_1_292' title='bbox 239 4230 493 4302; x_wconf 85' lang='lat' dir='ltr'>cutoribusrel</span> <span class='ocrx_word' id='word_1_293' title='bbox 507 4225 687 4324; x_wconf 77' lang='lat' dir='ltr'>assignatis</span> <span class='ocrx_word' id='word_1_294' title='bbox 704 4228 788 4298; x_wconf 77' lang='lat' dir='ltr'>dicti</span> <span class='ocrx_word' id='word_1_295' title='bbox 799 4226 937 4298; x_wconf 88' lang='lat' dir='ltr'>Thome</span> <span class='ocrx_word' id='word_1_296' title='bbox 948 4227 1120 4298; x_wconf 82' lang='lat' dir='ltr'>faciendis</span> <span class='ocrx_word' id='word_1_297' title='bbox 1138 4221 1292 4297; x_wconf 82' lang='lat' dir='ltr'>delicere</span> <span class='ocrx_word' id='word_1_298' title='bbox 1305 4235 1345 4296; x_wconf 85' lang='lat' dir='ltr'>vt</span> <span class='ocrx_word' id='word_1_299' title='bbox 1357 4228 1580 4318; x_wconf 88' lang='lat' dir='ltr'>premittitur</span> 
     </span>
     <span class='ocr_line' id='line_1_33' title="bbox 239 4338 1578 4434; baseline -0.001 -22"><span class='ocrx_word' id='word_1_300' title='bbox 239 4344 279 4412; x_wconf 91' lang='lat' dir='ltr'>in</span> <span class='ocrx_word' id='word_1_301' title='bbox 297 4351 376 4413; x_wconf 90' lang='lat' dir='ltr'>toto</span> <span class='ocrx_word' id='word_1_302' title='bbox 401 4341 460 4413; x_wconf 83' lang='lat' dir='ltr'>vel</span> <span class='ocrx_word' id='word_1_303' title='bbox 483 4343 523 4413; x_wconf 89' lang='lat' dir='ltr'>in</span> <span class='ocrx_word' id='word_1_304' title='bbox 548 4350 651 4434; x_wconf 87' lang='lat' dir='ltr'>parte</span> <span class='ocrx_word' id='word_1_305' title='bbox 676 4349 776 4411; x_wconf 89' lang='lat' dir='ltr'>totus</span> <span class='ocrx_word' id='word_1_306' title='bbox 801 4339 917 4411; x_wconf 73' lang='lat' dir='ltr'>dittus</span> <span class='ocrx_word' id='word_1_307' title='bbox 944 4361 1083 4410; x_wconf 87' lang='lat' dir='ltr'>annuus</span> <span class='ocrx_word' id='word_1_308' title='bbox 1102 4338 1262 4409; x_wconf 87' lang='lat' dir='ltr'>redditus</span> <span class='ocrx_word' id='word_1_309' title='bbox 1288 4361 1371 4408; x_wconf 90' lang='lat' dir='ltr'>cum</span> <span class='ocrx_word' id='word_1_310' title='bbox 1397 4347 1476 4408; x_wconf 91' lang='lat' dir='ltr'>toto</span> <span class='ocrx_word' id='word_1_311' title='bbox 1501 4341 1578 4412; x_wconf 88' lang='lat' dir='ltr'>iure</span> 
     </span>
     <span class='ocr_line' id='line_1_34' title="bbox 240 4449 1578 4547; baseline 0 -23"><span class='ocrx_word' id='word_1_312' title='bbox 240 4462 279 4524; x_wconf 91' lang='lat' dir='ltr'>et</span> <span class='ocrx_word' id='word_1_313' title='bbox 297 4452 435 4525; x_wconf 82' lang='lat' dir='ltr'>olomeo</span> <span class='ocrx_word' id='word_1_314' title='bbox 454 4451 660 4547; x_wconf 80' lang='lat' dir='ltr'>supradittis</span> <span class='ocrx_word' id='word_1_315' title='bbox 676 4453 714 4522; x_wconf 89' lang='lat' dir='ltr'>in</span> <span class='ocrx_word' id='word_1_316' title='bbox 727 4451 892 4523; x_wconf 90' lang='lat' dir='ltr'>manibus</span> <span class='ocrx_word' id='word_1_317' title='bbox 902 4451 1143 4545; x_wconf 72' lang='lat' dir='ltr'>predictorum</span> <span class='ocrx_word' id='word_1_318' title='bbox 1156 4449 1328 4520; x_wconf 87' lang='lat' dir='ltr'>heredum</span> <span class='ocrx_word' id='word_1_319' title='bbox 1343 4460 1578 4524; x_wconf 90' lang='lat' dir='ltr'>executorum</span> 
     </span>
     <span class='ocr_line' id='line_1_35' title="bbox 243 4557 1578 4662; baseline 0.001 -28"><span class='ocrx_word' id='word_1_320' title='bbox 243 4565 301 4638; x_wconf 83' lang='lat' dir='ltr'>vel</span> <span class='ocrx_word' id='word_1_321' title='bbox 326 4562 581 4662; x_wconf 79' lang='lat' dir='ltr'>assignatorum</span> <span class='ocrx_word' id='word_1_322' title='bbox 607 4563 692 4635; x_wconf 73' lang='lat' dir='ltr'>dici</span> <span class='ocrx_word' id='word_1_323' title='bbox 716 4563 854 4635; x_wconf 82' lang='lat' dir='ltr'>Thome</span> <span class='ocrx_word' id='word_1_324' title='bbox 879 4563 1044 4635; x_wconf 88' lang='lat' dir='ltr'>totaliter</span> <span class='ocrx_word' id='word_1_325' title='bbox 1067 4559 1176 4634; x_wconf 90' lang='lat' dir='ltr'>stabit</span> <span class='ocrx_word' id='word_1_326' title='bbox 1206 4569 1245 4633; x_wconf 88' lang='lat' dir='ltr'>ct</span> <span class='ocrx_word' id='word_1_327' title='bbox 1268 4557 1400 4654; x_wconf 85' lang='lat' dir='ltr'>absque</span> <span class='ocrx_word' id='word_1_328' title='bbox 1430 4559 1578 4658; x_wconf 89' lang='lat' dir='ltr'>strepitu</span> 
     </span>
    </p>
   </div>
   <div class='ocr_carea' id='block_1_3' title="bbox 0 0 2030 5534">
    <p class='ocr_par' dir='ltr' id='par_1_3' title="bbox 0 0 2030 5534">
     <span class='ocr_line' id='line_1_36' title="bbox 0 0 2030 5534; baseline 0 9"><span class='ocrx_word' id='word_1_329' title='bbox 0 0 2030 5534; x_wconf 95' lang='lat' dir='ltr'> </span> 
     </span>
    </p>
   </div>
  </div>
 </body>
</html>
