4050 5534
444 666 513 731 158
961 652 1268 729 REGISTRUM
1627 656 1780 753 [secum

440 856 552 931 ratze·
566 856 812 951 [Apparatus
822 854 1062 929 archidiaconi
1073 856 1111 925 in
1124 850 1371 929 seeundofolic
1383 856 1573 956 Spcassrc·
1584 858 1620 928 u
1629 857 1783 929 Cronicc

443 969 597 1041 Martini
610 969 655 1041 de
665 969 767 1062 papis
780 978 819 1041 et
831 966 1107 1063 imperatoribus
1119 968 1158 1037 in
1171 963 1326 1040 secundo
1339 970 1427 1042 folio
1443 968 1584 1065 Tafitj·
1597 969 1633 1039 u
1646 968 1783 1063 Sextus

443 1084 481 1154 in
495 1078 648 1153 secundo
666 1079 752 1151 folio
764 1076 1053 1152 Iaccmmutubilic
1067 1120 1076 1137 ·
1089 1077 1123 1150 u
1136 1078 1273 1151 Sextus
1285 1089 1324 1152 et
1334 1081 1566 1153 Clementine
1582 1084 1621 1157 in
1638 1105 1709 1153 vno
1722 1104 1784 1151 vo-

443 1193 580 1265 lumine
593 1214 675 1263 cum
693 1198 866 1285 apparatu
884 1189 1064 1263 Willelmi
1082 1191 1128 1262 de
1144 1202 1270 1264 monte
1284 1192 1443 1265 lauduno
1459 1196 1499 1265 in
1515 1192 1671 1265 secando
1696 1192 1782 1264 folio

443 1302 633 1402 Frapruatc'
644 1303 764 1375 diuina
779 1341 789 1360 ·
805 1304 840 1374 u
859 1301 1016 1375 Lettura
1027 1304 1144 1396 prima
1155 1302 1179 1373 J
1181 1303 1332 1377 ohannis
1344 1303 1493 1379 Andree
1510 1302 1615 1399 super
1631 1304 1734 1376 sexto
1745 1306 1783 1376 in

287 1476 289 1481 .
445 1416 599 1489 secundo
616 1415 703 1487 folio
719 1412 886 1489 Jubemaa
902 1454 912 1473 ·
930 1414 965 1484 u
982 1412 1269 1487 Archidiaconus
1286 1414 1392 1511 super
1406 1414 1548 1489 sextum
1574 1419 1613 1488 in
1628 1415 1785 1489 secundo

444 1528 530 1601 folio
535 1526 732 1601 Hernicum
744 1568 752 1585 ·
766 1527 800 1600 u
813 1527 1037 1601 Martiniano
1048 1526 1184 1599 decreti
1195 1537 1233 1600 et
1244 1528 1478 1600 decretalium
1488 1532 1526 1600 in
1531 1526 1688 1601 secundo
1698 1529 1784 1600 folio

447 1639 646 1732 Quodalmr
656 1681 664 1698 ·
676 1638 928 1713 swillelmus
941 1639 987 1711 de
998 1637 1576 1734 Mandngctasuperelettionibus
1586 1638 1786 1713 insecundo

444 1754 531 1825 folio
541 1752 623 1849 Pofl
635 1749 826 1848 coaffensum
841 1792 849 1809 ·
863 1751 899 1821 u
911 1750 1108 1845 Speculum
1119 1751 1286 1824 iudiciale
1296 1753 1426 1824 modici
1442 1752 1570 1827 valoris
1579 1755 1618 1824 in
1629 1750 1786 1825 secundo

445 1866 532 1937 folio
552 1863 700 1937 Prodita
717 1904 725 1921 ·
743 1862 942 1936 'Panaretus
967 1863 1012 1935 de
1038 1863 1181 1957 iudicijs
1196 1866 1235 1935 in
1257 1862 1413 1936 secundo
1438 1864 1525 1937 lolio
1541 1856 1784 1937 Ferentinu-

446 1979 481 2049 u
492 1977 647 2050 Lectura
658 1976 867 2068 Innocencij
882 1976 1002 2069 quarti
1016 1972 1122 2069 super
1139 1976 1338 2049 decretales
1355 1978 1392 2048 in
1403 1974 1559 2049 secundo
1572 1978 1660 2048 folio
1674 2017 1683 2036 ·
1696 2001 1739 2073 p·
1752 1978 1768 2047 i
1776 2016 1786 2031 ·

446 2090 481 2160 u
498 2087 728 2162 Clementiae
745 2110 828 2159 cum
846 2082 1166 2159 constitutionibus
1183 2086 1361 2161 Johannis
1377 2112 1471 2183 pape
1487 2090 1563 2184 xxij
1581 2092 1620 2161 in
1638 2112 1708 2160 vno
1725 2114 1786 2160 rc-

446 2201 584 2273 lumine
600 2202 639 2271 in
656 2199 811 2271 secundo
839 2199 924 2271 folio
949 2201 986 2269 in
1005 2208 1113 2273 textu
1125 2197 1384 2299 Maaisgllntte·
1403 2201 1527 2275 Prima
1542 2224 1624 2295 pars
1634 2200 1788 2274 Henrici

448 2314 553 2407 Boyk
567 2322 605 2384 et
616 2314 653 2384 in
673 2310 829 2384 secundo
848 2310 935 2383 folio
958 2312 973 2381 i
982 2334 1024 2407 ·q
1038 2309 1223 2407 ·septimc·
1238 2312 1407 2387 Secunda
1417 2336 1499 2405 pars
1516 2312 1667 2387 chrici
1681 2313 1788 2407 Boyk

448 2428 485 2497 in
496 2424 651 2499 secundo
662 2422 942 2520 foliohopaitur·
954 2422 990 2493 u
1001 2421 1259 2497 Distinttiones
1270 2426 1506 2498 decretalium
1515 2424 1675 2521 magistri
1686 2425 1789 2498 Petri

449 2540 582 2611 Samne
603 2540 641 2609 in
658 2533 815 2609 secundo
825 2535 918 2608 'folio
936 2534 1152 2632 nasubduti·
1171 2537 1206 2607 u
1219 2536 1371 2609 Summa
1387 2536 1541 2611 Gcffridi
1558 2538 1604 2609 de
1619 2537 1738 2609 Trsrm
1749 2541 1789 2609 in

449 2648 604 2723 secundo
617 2650 831 2747 foliopetur·
845 2647 944 2721 Ordo
957 2648 1163 2721 iudiciarius
1175 2650 1213 2719 in
1226 2647 1472 2721 secundofolio
1495 2647 1792 2723 astansem.

448 2786 509 2835 ma
521 2762 728 2855 Raymundi
745 2762 790 2833 de
803 2761 1034 2833 matrimonio
1045 2761 1083 2831 in
1096 2756 1250 2833 secundo
1261 2759 1347 2831 iclio
1358 2758 1648 2833 Permuuriona·
1666 2762 1702 2832 u
1715 2762 1793 2835 De

449 2874 602 2947 cretales
616 2883 654 2945 et
670 2874 848 2967 incipiunt
860 2874 898 2945 in
916 2881 1023 2943 textu
1034 2868 1305 2966 Ft'lz'ercminum
1322 2874 1412 2945 etin
1428 2870 1585 2945 secundo
1600 2873 1688 2945 folio
1700 2872 1792 2974 Dip-

449 2989 566 3063 nitutis
584 3028 592 3045 ·
611 2988 646 3058 u
659 2986 868 3079 Apparatus
886 2982 1053 3057 Villelmi
1064 2984 1109 3056 de
1123 2984 1255 3055 Monte
1268 2984 1428 3056 lauduno
1438 2984 1542 3080 snper
1551 2985 1793 3059 clementinis

449 3104 488 3172 in
498 3099 653 3173 secundo
664 3098 750 3169 folio
764 3095 876 3169 lubeas
890 3136 898 3155 ·
910 3098 946 3168 u
957 3097 1209 3190 Repertorium
1223 3094 1573 3171 WillelmiDurandi
1583 3100 1622 3169 in
1632 3096 1792 3171 secundo

450 3213 536 3285 folio
556 3210 759 3309 Ipaoraatia
776 3252 784 3269 ·
804 3208 890 3281 Vna
913 3204 1024 3304 glossa
1041 3209 1177 3281 decreti
1204 3205 1279 3279 fine
1301 3204 1471 3281 ailcribns
1493 3208 1571 3283 Hac
1593 3212 1632 3281 in
1654 3220 1793 3283 textu·

451 3326 486 3395 u
499 3324 608 3395 Liber
625 3322 670 3393 de
688 3321 1009 3415 extrauagantibus
1026 3318 1051 3391 J
1053 3321 1203 3392 ohannis
1220 3344 1312 3415 pape
1328 3322 1407 3414 xxij
1418 3343 1501 3393 cum
1515 3332 1690 3416 apparatu
1704 3323 1797 3396 Ges·

452 3435 554 3509 seliui
566 3444 604 3507 et
611 3436 753 3507 cronica
763 3433 870 3504 Bruti
880 3456 925 3503 ex
932 3424 1026 3503 dono
1037 3432 1382 3505 dominiAlexandri
1394 3432 1692 3528 Kynnynmunde
1702 3436 1796 3531 epis·

453 3550 532 3643 copi
545 3557 583 3619 et
592 3548 720 3639 incipit
731 3548 768 3617 in
781 3542 937 3617 secundo
950 3543 1038 3614 folio
1049 3540 1229 3616 Iudicium
1240 3544 1279 3615 in
1296 3554 1404 3617 textu
1421 3560 1460 3617 et
1471 3546 1510 3615 in
1527 3541 1638 3642 glcisa
1652 3545 1759 3621 Nulli
1784 3589 1795 3608 ·

452 3658 638 3733 Tratlatus
655 3657 836 3730 Willelmi
859 3657 905 3727 de
920 3655 1052 3728 Monte
1069 3655 1239 3727 handuno
1260 3666 1300 3729 et
1311 3656 1439 3751 incipit
1455 3655 1796 3757 Kcn'fflmofiliosuo

420 3788 421 3793 ’
454 3784 492 3844 et
509 3775 547 3843 in
564 3770 720 3843 secundo
737 3768 823 3839 folio
840 3760 992 3865 Effetlua
1007 3764 1179 3839 verborum
1195 3806 1205 3825 ·
1223 3767 1258 3837 u
1276 3766 1363 3841 Vna
1377 3768 1497 3840 rotula
1512 3770 1558 3841 dc
1574 3772 1727 3844 cronicis
1742 3796 1794 3847 ex

454 3896 606 3975 vtroque
632 3882 745 3953 latere
762 3878 894 3972 scripta
909 3888 948 3951 et
967 3880 1094 3972 incipit
1112 3878 1150 3949 in
1167 3880 1282 3971 primo
1299 3879 1414 3951 latere
1432 3879 1590 3977 Quinque
1609 3881 1729 3981 plcpcs
1752 3895 1796 3957 et

453 3998 490 4067 in
507 3992 661 4067 secundo
679 3992 793 4065 latere
807 3990 987 4086 Principio
1000 3986 1117 4061 arcadi
1125 4026 1134 4044 ·
1152 3988 1395 4063 llDecretum
1408 3994 1510 4064 cuius
1525 4002 1652 4067 textus
1664 3997 1798 4090 incipit

453 4110 491 4179 in
509 4106 665 4179 secundo
681 4104 768 4176 folio
790 4102 933 4177 Pence
942 4102 1048 4198 (fficio
1065 4126 1112 4175 cx
1129 4104 1323 4174 donatione
1347 4102 1562 4175 venerabilis
1578 4106 1645 4177 viri
1662 4106 1797 4203 magis-

454 4220 502 4291 tri
515 4218 652 4294 Thcme
666 4216 830 4291 Edname
848 4214 1027 4307 quondam
1041 4216 1204 4286 canonici
1216 4212 1483 4287 Aberdonenfis
1500 4255 1509 4273 ·
1527 4217 1562 4287 u
1578 4217 1689 4291 Alius
1700 4218 1798 4292 liber

456 4329 689 4403 decretalium
714 4330 752 4397 in
778 4325 934 4399 secundo
964 4325 1051 4397 lolio
1077 4323 1142 4399 Ad
1167 4324 1265 4397 illam
1287 4348 1493 4400 mmmrmem
1519 4352 1567 4400 ex
1596 4330 1797 4405 donatione

455 4438 613 4513 eiusdem
629 4436 789 4536 magistri
799 4438 937 4511 Thome
955 4478 963 4495 ·
978 4438 1013 4508 u
1030 4437 1285 4533 Repertorium
1298 4436 1450 4510 Henrici
1463 4438 1572 4533 Buyk
1583 4442 1621 4512 in
1633 4439 1797 4516 secundo

456 4551 541 4624 iolio
568 4550 687 4625 Vtrum
704 4553 742 4622 ia
757 4543 973 4625 stellionibus
992 4572 1040 4621 cx
1057 4550 1250 4623 donatione
1275 4546 1434 4623 eiusdem
1459 4552 1521 4622 ·u
1546 4551 1672 4626 Vnum
1697 4563 1800 4627 tem-
