<?xml version="1.0" encoding="UTF-8"?>
<!DOCTYPE html PUBLIC "-//W3C//DTD XHTML 1.0 Transitional//EN"
    "http://www.w3.org/TR/xhtml1/DTD/xhtml1-transitional.dtd">
<html xmlns="http://www.w3.org/1999/xhtml" xml:lang="en" lang="en">
 <head>
  <title>
</title>
<meta http-equiv="Content-Type" content="text/html;charset=utf-8" />
  <meta name='ocr-system' content='tesseract 3.04.00' />
  <meta name='ocr-capabilities' content='ocr_page ocr_carea ocr_par ocr_line ocrx_word'/>
</head>
<body>
  <div class='ocr_page' id='page_1' title='image "./registrumepisco02innegoog_0166.png"; bbox 0 0 4050 5534; ppageno 0'>
   <div class='ocr_carea' id='block_1_1' title="bbox 394 647 1742 744">
    <p class='ocr_par' dir='ltr' id='par_1_1' title="bbox 394 647 1742 744">
     <span class='ocr_line' id='line_1_1' title="bbox 394 647 1742 744; baseline -0.002 -22"><span class='ocrx_word' id='word_1_1' title='bbox 394 659 463 724; x_wconf 68' lang='lat'><strong>102</strong></span> <span class='ocrx_word' id='word_1_2' title='bbox 914 647 1221 720; x_wconf 80' lang='lat' dir='ltr'><strong>REGISTRUM</strong></span> <span class='ocrx_word' id='word_1_3' title='bbox 1587 647 1742 744; x_wconf 77' lang='lat' dir='ltr'><strong>[sucum</strong></span> 
     </span>
    </p>
   </div>
   <div class='ocr_carea' id='block_1_2' title="bbox 393 844 1745 1279">
    <p class='ocr_par' dir='ltr' id='par_1_2' title="bbox 393 844 1745 1279">
     <span class='ocr_line' id='line_1_2' title="bbox 393 844 1743 944; baseline -0.003 -24"><span class='ocrx_word' id='word_1_4' title='bbox 393 854 430 920; x_wconf 92' lang='lat' dir='ltr'><strong>in</strong></span> <span class='ocrx_word' id='word_1_5' title='bbox 448 849 784 944; x_wconf 79' lang='lat' dir='ltr'><strong>augmentationem</strong></span> <span class='ocrx_word' id='word_1_6' title='bbox 801 845 918 940; x_wconf 83' lang='lat' dir='ltr'><strong>salarij</strong></span> <span class='ocrx_word' id='word_1_7' title='bbox 936 847 1109 918; x_wconf 75' lang='lat' dir='ltr'><strong>antedidti</strong></span> <span class='ocrx_word' id='word_1_8' title='bbox 1128 846 1174 918; x_wconf 87' lang='lat' dir='ltr'><strong>de</strong></span> <span class='ocrx_word' id='word_1_9' title='bbox 1191 844 1363 919; x_wconf 84' lang='lat' dir='ltr'><strong>eonsensu</strong></span> <span class='ocrx_word' id='word_1_10' title='bbox 1380 847 1508 919; x_wconf 85' lang='lat' dir='ltr'><strong>decani</strong></span> <span class='ocrx_word' id='word_1_11' title='bbox 1526 855 1565 920; x_wconf 90' lang='lat' dir='ltr'><strong>et</strong></span> <span class='ocrx_word' id='word_1_12' title='bbox 1591 847 1743 940; x_wconf 86' lang='lat' dir='ltr'><strong>eapituli</strong></span> 
     </span>
     <span class='ocr_line' id='line_1_3' title="bbox 393 956 1745 1054; baseline -0.002 -23"><span class='ocrx_word' id='word_1_13' title='bbox 393 961 446 1032; x_wconf 91' lang='lat' dir='ltr'><strong>sui</strong></span> <span class='ocrx_word' id='word_1_14' title='bbox 482 961 721 1054; x_wconf 83' lang='lat' dir='ltr'><strong>quadraginta</strong></span> <span class='ocrx_word' id='word_1_15' title='bbox 745 957 877 1030; x_wconf 87' lang='lat' dir='ltr'><strong>solidos</strong></span> <span class='ocrx_word' id='word_1_16' title='bbox 906 958 1046 1029; x_wconf 81' lang='lat' dir='ltr'><strong>addidit</strong></span> <span class='ocrx_word' id='word_1_17' title='bbox 1072 959 1177 1030; x_wconf 88' lang='lat' dir='ltr'><strong>iuxta</strong></span> <span class='ocrx_word' id='word_1_18' title='bbox 1204 959 1357 1030; x_wconf 88' lang='lat' dir='ltr'><strong>formam</strong></span> <span class='ocrx_word' id='word_1_19' title='bbox 1388 956 1652 1030; x_wconf 87' lang='lat' dir='ltr'><strong>distributionis</strong></span> <span class='ocrx_word' id='word_1_20' title='bbox 1679 981 1745 1051; x_wconf 87' lang='lat' dir='ltr'><strong>per</strong></span> 
     </span>
     <span class='ocr_line' id='line_1_4' title="bbox 394 1065 1744 1164; baseline -0.003 -20"><span class='ocrx_word' id='word_1_21' title='bbox 394 1071 527 1145; x_wconf 65' lang='lat' dir='ltr'><strong>dietam</strong></span> <span class='ocrx_word' id='word_1_22' title='bbox 546 1069 646 1144; x_wconf 89' lang='lat' dir='ltr'><strong>suam</strong></span> <span class='ocrx_word' id='word_1_23' title='bbox 664 1072 924 1164; x_wconf 80' lang='lat' dir='ltr'>paternitatem</span> <span class='ocrx_word' id='word_1_24' title='bbox 942 1069 1079 1140; x_wconf 87' lang='lat' dir='ltr'><strong>editum</strong></span> <span class='ocrx_word' id='word_1_25' title='bbox 1097 1109 1105 1129; x_wconf 91' lang='lat'><strong>·</strong></span> <span class='ocrx_word' id='word_1_26' title='bbox 1126 1069 1262 1142; x_wconf 79' lang='lat' dir='ltr'><strong>Adtum</strong></span> <span class='ocrx_word' id='word_1_27' title='bbox 1281 1093 1377 1142; x_wconf 89' lang='lat' dir='ltr'><strong>anno</strong></span> <span class='ocrx_word' id='word_1_28' title='bbox 1391 1069 1541 1142; x_wconf 88' lang='lat' dir='ltr'><strong>Domini</strong></span> <span class='ocrx_word' id='word_1_29' title='bbox 1555 1065 1744 1141; x_wconf 84' lang='lat' dir='ltr'><strong>millasimo</strong></span> 
     </span>
     <span class='ocr_line' id='line_1_5' title="bbox 395 1178 1004 1279; baseline -0.003 -25"><span class='ocrx_word' id='word_1_30' title='bbox 395 1179 683 1279; x_wconf 75' lang='lat' dir='ltr'><strong>quingentesimo</strong></span> <span class='ocrx_word' id='word_1_31' title='bbox 701 1183 842 1254; x_wconf 83' lang='lat' dir='ltr'><strong>decimo</strong></span> <span class='ocrx_word' id='word_1_32' title='bbox 861 1204 956 1252; x_wconf 93' lang='lat' dir='ltr'><strong>nono</strong></span> <span class='ocrx_word' id='word_1_33' title='bbox 975 1178 1004 1274; x_wconf 93' lang='lat'><strong>·]</strong></span> 
     </span>
    </p>
   </div>
   <div class='ocr_carea' id='block_1_3' title="bbox 394 1513 1746 1838">
    <p class='ocr_par' dir='ltr' id='par_1_3' title="bbox 394 1513 1746 1838">
     <span class='ocr_line' id='line_1_6' title="bbox 394 1513 1745 1614; baseline -0.004 -21"><span class='ocrx_word' id='word_1_34' title='bbox 394 1522 568 1614; x_wconf 87' lang='lat' dir='ltr'>Sequitur</span> <span class='ocrx_word' id='word_1_35' title='bbox 594 1515 805 1592; x_wconf 82' lang='lat' dir='ltr'><strong>constitutio</strong></span> <span class='ocrx_word' id='word_1_36' title='bbox 822 1519 869 1589; x_wconf 87' lang='lat' dir='ltr'><strong>da</strong></span> <span class='ocrx_word' id='word_1_37' title='bbox 885 1517 1002 1590; x_wconf 82' lang='lat' dir='ltr'><strong>officio</strong></span> <span class='ocrx_word' id='word_1_38' title='bbox 1028 1513 1168 1590; x_wconf 81' lang='lat' dir='ltr'><strong>sacriste</strong></span> <span class='ocrx_word' id='word_1_39' title='bbox 1190 1513 1340 1592; x_wconf 77' lang='lat' dir='ltr'><strong>eeclesia</strong></span> <span class='ocrx_word' id='word_1_40' title='bbox 1365 1515 1653 1592; x_wconf 85' lang='lat' dir='ltr'><strong>Abbirdouenlis</strong></span> <span class='ocrx_word' id='word_1_41' title='bbox 1678 1541 1745 1612; x_wconf 90' lang='lat' dir='ltr'><strong>per</strong></span> 
     </span>
     <span class='ocr_line' id='line_1_7' title="bbox 394 1625 1746 1725; baseline -0.003 -21"><span class='ocrx_word' id='word_1_42' title='bbox 394 1634 552 1705; x_wconf 89' lang='lat' dir='ltr'><strong>eundem</strong></span> <span class='ocrx_word' id='word_1_43' title='bbox 577 1633 765 1702; x_wconf 91' lang='lat' dir='ltr'><strong>dominum</strong></span> <span class='ocrx_word' id='word_1_44' title='bbox 784 1629 1017 1701; x_wconf 88' lang='lat' dir='ltr'><strong>Willelmum</strong></span> <span class='ocrx_word' id='word_1_45' title='bbox 1046 1625 1285 1724; x_wconf 83' lang='lat' dir='ltr'><strong>Elplrinstone</strong></span> <span class='ocrx_word' id='word_1_46' title='bbox 1310 1629 1517 1725; x_wconf 84' lang='lat' dir='ltr'><strong>episcopum</strong></span> <span class='ocrx_word' id='word_1_47' title='bbox 1536 1629 1746 1704; x_wconf 84' lang='lat' dir='ltr'><strong>Abbirdon-</strong></span> 
     </span>
     <span class='ocr_line' id='line_1_8' title="bbox 396 1743 879 1838; baseline -0.004 -22"><span class='ocrx_word' id='word_1_48' title='bbox 396 1743 518 1816; x_wconf 82' lang='lat' dir='ltr'><strong>ensem</strong></span> <span class='ocrx_word' id='word_1_49' title='bbox 535 1743 736 1838; x_wconf 79' lang='lat' dir='ltr'><strong>predittum</strong></span> <span class='ocrx_word' id='word_1_50' title='bbox 754 1743 854 1814; x_wconf 87' lang='lat' dir='ltr'><strong>edita</strong></span> <span class='ocrx_word' id='word_1_51' title='bbox 870 1779 879 1797; x_wconf 92' lang='lat'><strong>·</strong></span> 
     </span>
    </p>
   </div>
   <div class='ocr_carea' id='block_1_4' title="bbox 399 1947 1748 2064">
    <p class='ocr_par' dir='ltr' id='par_1_4' title="bbox 399 1947 1748 2064">
     <span class='ocr_line' id='line_1_9' title="bbox 399 1947 1748 2064; baseline -0.002 -24"><span class='ocrx_word' id='word_1_52' title='bbox 399 1947 603 2064; x_wconf 78' lang='lat' dir='ltr'><strong>Inprimis</strong></span> <span class='ocrx_word' id='word_1_53' title='bbox 637 1963 765 2038; x_wconf 86' lang='lat' dir='ltr'><strong>statuit</strong></span> <span class='ocrx_word' id='word_1_54' title='bbox 799 1975 839 2037; x_wconf 87' lang='lat' dir='ltr'><strong>et</strong></span> <span class='ocrx_word' id='word_1_55' title='bbox 873 1965 1056 2036; x_wconf 88' lang='lat' dir='ltr'><strong>ordinauit</strong></span> <span class='ocrx_word' id='word_1_56' title='bbox 1082 1968 1177 2058; x_wconf 92' lang='lat' dir='ltr'><strong>quod</strong></span> <span class='ocrx_word' id='word_1_57' title='bbox 1213 1969 1383 2062; x_wconf 79' lang='lat' dir='ltr'><strong>deinceps</strong></span> <span class='ocrx_word' id='word_1_58' title='bbox 1418 1963 1561 2040; x_wconf 84' lang='lat' dir='ltr'><strong>sacrista</strong></span> <span class='ocrx_word' id='word_1_59' title='bbox 1594 1961 1748 2039; x_wconf 84' lang='lat' dir='ltr'><strong>eoolefie</strong></span> 
     </span>
    </p>
   </div>
   <div class='ocr_carea' id='block_1_5' title="bbox 395 2073 1754 4638">
    <p class='ocr_par' dir='ltr' id='par_1_5' title="bbox 395 2073 1754 4638">
     <span class='ocr_line' id='line_1_10' title="bbox 395 2073 1749 2156; baseline -0.004 -1"><span class='ocrx_word' id='word_1_60' title='bbox 395 2079 612 2156; x_wconf 78' lang='lat' dir='ltr'><strong>cathedralia</strong></span> <span class='ocrx_word' id='word_1_61' title='bbox 644 2073 930 2149; x_wconf 82' lang='lat' dir='ltr'><strong>Abbirdonenfis</strong></span> <span class='ocrx_word' id='word_1_62' title='bbox 958 2073 1003 2148; x_wconf 88' lang='lat' dir='ltr'><strong>srt</strong></span> <span class='ocrx_word' id='word_1_63' title='bbox 1031 2074 1193 2150; x_wconf 78' lang='lat' dir='ltr'><strong>sacerdos</strong></span> <span class='ocrx_word' id='word_1_64' title='bbox 1223 2081 1261 2150; x_wconf 91' lang='lat' dir='ltr'><strong>in</strong></span> <span class='ocrx_word' id='word_1_65' title='bbox 1291 2078 1491 2152; x_wconf 80' lang='lat' dir='ltr'><strong>sacerdotio</strong></span> <span class='ocrx_word' id='word_1_66' title='bbox 1525 2075 1749 2152; x_wconf 84' lang='lat' dir='ltr'><strong>constitutus</strong></span> 
     </span>
     <span class='ocr_line' id='line_1_11' title="bbox 395 2185 1749 2287; baseline -0.001 -23"><span class='ocrx_word' id='word_1_67' title='bbox 395 2197 455 2287; x_wconf 93' lang='lat' dir='ltr'><strong>qui</strong></span> <span class='ocrx_word' id='word_1_68' title='bbox 474 2189 623 2286; x_wconf 78' lang='lat' dir='ltr'><strong>singulis</strong></span> <span class='ocrx_word' id='word_1_69' title='bbox 641 2190 768 2261; x_wconf 89' lang='lat' dir='ltr'><strong>diebus</strong></span> <span class='ocrx_word' id='word_1_70' title='bbox 786 2211 851 2282; x_wconf 91' lang='lat' dir='ltr'><strong>per</strong></span> <span class='ocrx_word' id='word_1_71' title='bbox 867 2211 1003 2260; x_wconf 90' lang='lat' dir='ltr'><strong>annum</strong></span> <span class='ocrx_word' id='word_1_72' title='bbox 1031 2197 1107 2260; x_wconf 87' lang='lat' dir='ltr'><strong>tam</strong></span> <span class='ocrx_word' id='word_1_73' title='bbox 1125 2191 1161 2260; x_wconf 92' lang='lat' dir='ltr'><strong>in</strong></span> <span class='ocrx_word' id='word_1_74' title='bbox 1180 2191 1278 2284; x_wconf 86' lang='lat' dir='ltr'><strong>serijs</strong></span> <span class='ocrx_word' id='word_1_75' title='bbox 1304 2213 1412 2284; x_wconf 87' lang='lat' dir='ltr'><strong>quam</strong></span> <span class='ocrx_word' id='word_1_76' title='bbox 1430 2193 1467 2262; x_wconf 92' lang='lat' dir='ltr'><strong>in</strong></span> <span class='ocrx_word' id='word_1_77' title='bbox 1485 2187 1585 2262; x_wconf 86' lang='lat' dir='ltr'><strong>iestis</strong></span> <span class='ocrx_word' id='word_1_78' title='bbox 1601 2185 1749 2262; x_wconf 87' lang='lat' dir='ltr'><strong>interfit</strong></span> 
     </span>
     <span class='ocr_line' id='line_1_12' title="bbox 396 2300 1750 2398; baseline -0.004 -21"><span class='ocrx_word' id='word_1_79' title='bbox 396 2307 505 2378; x_wconf 85' lang='lat' dir='ltr'><strong>oboro</strong></span> <span class='ocrx_word' id='word_1_80' title='bbox 530 2307 568 2374; x_wconf 93' lang='lat' dir='ltr'><strong>in</strong></span> <span class='ocrx_word' id='word_1_81' title='bbox 594 2303 723 2374; x_wconf 89' lang='lat' dir='ltr'><strong>babitu</strong></span> <span class='ocrx_word' id='word_1_82' title='bbox 753 2302 896 2371; x_wconf 86' lang='lat' dir='ltr'><strong>decenti</strong></span> <span class='ocrx_word' id='word_1_83' title='bbox 925 2301 1051 2372; x_wconf 81' lang='lat' dir='ltr'><strong>tunica</strong></span> <span class='ocrx_word' id='word_1_84' title='bbox 1081 2300 1186 2372; x_wconf 86' lang='lat' dir='ltr'><strong>talari</strong></span> <span class='ocrx_word' id='word_1_85' title='bbox 1212 2312 1250 2374; x_wconf 90' lang='lat' dir='ltr'><strong>et</strong></span> <span class='ocrx_word' id='word_1_86' title='bbox 1275 2300 1526 2398; x_wconf 85' lang='lat' dir='ltr'><strong>superpellicio</strong></span> <span class='ocrx_word' id='word_1_87' title='bbox 1552 2325 1635 2374; x_wconf 84' lang='lat' dir='ltr'><strong>cum</strong></span> <span class='ocrx_word' id='word_1_88' title='bbox 1665 2302 1750 2373; x_wconf 89' lang='lat' dir='ltr'><strong>aliis</strong></span> 
     </span>
     <span class='ocr_line' id='line_1_13' title="bbox 396 2408 1749 2510; baseline -0.001 -24"><span class='ocrx_word' id='word_1_89' title='bbox 396 2419 562 2510; x_wconf 84' lang='lat' dir='ltr'><strong>vicbarijs</strong></span> <span class='ocrx_word' id='word_1_90' title='bbox 590 2416 689 2486; x_wconf 85' lang='lat' dir='ltr'><strong>ebori</strong></span> <span class='ocrx_word' id='word_1_91' title='bbox 725 2413 820 2484; x_wconf 71' lang='lat' dir='ltr'><strong>diue</strong></span> <span class='ocrx_word' id='word_1_92' title='bbox 850 2408 1000 2484; x_wconf 82' lang='lat' dir='ltr'><strong>ecolesre</strong></span> <span class='ocrx_word' id='word_1_93' title='bbox 1026 2411 1260 2505; x_wconf 79' lang='lat' dir='ltr'><strong>personaliter</strong></span> <span class='ocrx_word' id='word_1_94' title='bbox 1294 2415 1331 2484; x_wconf 92' lang='lat' dir='ltr'><strong>in</strong></span> <span class='ocrx_word' id='word_1_95' title='bbox 1361 2416 1554 2486; x_wconf 82' lang='lat' dir='ltr'><strong>matutinis</strong></span> <span class='ocrx_word' id='word_1_96' title='bbox 1580 2409 1680 2485; x_wconf 88' lang='lat' dir='ltr'><strong>milla</strong></span> <span class='ocrx_word' id='word_1_97' title='bbox 1705 2429 1749 2484; x_wconf 89' lang='lat' dir='ltr'><strong>et</strong></span> 
     </span>
     <span class='ocr_line' id='line_1_14' title="bbox 397 2522 1750 2624; baseline -0.002 -24"><span class='ocrx_word' id='word_1_98' title='bbox 397 2530 551 2624; x_wconf 78' lang='lat' dir='ltr'><strong>vesperis</strong></span> <span class='ocrx_word' id='word_1_99' title='bbox 584 2525 725 2598; x_wconf 91' lang='lat' dir='ltr'><strong>summo</strong></span> <span class='ocrx_word' id='word_1_100' title='bbox 755 2525 860 2597; x_wconf 88' lang='lat' dir='ltr'><strong>altari</strong></span> <span class='ocrx_word' id='word_1_101' title='bbox 895 2535 933 2596; x_wconf 91' lang='lat' dir='ltr'><strong>et</strong></span> <span class='ocrx_word' id='word_1_102' title='bbox 963 2525 1059 2596; x_wconf 74' lang='lat' dir='ltr'><strong>didto</strong></span> <span class='ocrx_word' id='word_1_103' title='bbox 1089 2523 1197 2596; x_wconf 84' lang='lat' dir='ltr'><strong>clroro</strong></span> <span class='ocrx_word' id='word_1_104' title='bbox 1233 2523 1374 2597; x_wconf 79' lang='lat' dir='ltr'><strong>intersit</strong></span> <span class='ocrx_word' id='word_1_105' title='bbox 1403 2522 1639 2596; x_wconf 85' lang='lat' dir='ltr'><strong>ministrando</strong></span> <span class='ocrx_word' id='word_1_106' title='bbox 1673 2549 1750 2616; x_wconf 85' lang='lat' dir='ltr'><strong>que</strong></span> 
     </span>
     <span class='ocr_line' id='line_1_15' title="bbox 396 2633 1753 2733; baseline -0.006 -18"><span class='ocrx_word' id='word_1_107' title='bbox 396 2645 532 2714; x_wconf 87' lang='lat' dir='ltr'><strong>suerint</strong></span> <span class='ocrx_word' id='word_1_108' title='bbox 558 2661 717 2733; x_wconf 78' lang='lat' dir='ltr'><strong>congrua</strong></span> <span class='ocrx_word' id='word_1_109' title='bbox 742 2633 992 2708; x_wconf 76' lang='lat' dir='ltr'><strong>etneceffaria</strong></span> <span class='ocrx_word' id='word_1_110' title='bbox 1018 2645 1125 2730; x_wconf 91' lang='lat' dir='ltr'><strong>prout</strong></span> <span class='ocrx_word' id='word_1_111' title='bbox 1152 2633 1241 2708; x_wconf 86' lang='lat' dir='ltr'><strong>festa</strong></span> <span class='ocrx_word' id='word_1_112' title='bbox 1266 2647 1305 2708; x_wconf 89' lang='lat' dir='ltr'><strong>et</strong></span> <span class='ocrx_word' id='word_1_113' title='bbox 1331 2646 1497 2730; x_wconf 90' lang='lat' dir='ltr'><strong>tempora</strong></span> <span class='ocrx_word' id='word_1_114' title='bbox 1521 2639 1606 2708; x_wconf 92' lang='lat' dir='ltr'><strong>anni</strong></span> <span class='ocrx_word' id='word_1_115' title='bbox 1625 2640 1753 2732; x_wconf 86' lang='lat' dir='ltr'><strong>exige-</strong></span> 
     </span>
     <span class='ocr_line' id='line_1_16' title="bbox 396 2745 1751 2853; baseline -0.003 -27"><span class='ocrx_word' id='word_1_116' title='bbox 396 2758 469 2826; x_wconf 89' lang='lat' dir='ltr'><strong>rint</strong></span> <span class='ocrx_word' id='word_1_117' title='bbox 489 2794 497 2810; x_wconf 93' lang='lat'><strong>·</strong></span> <span class='ocrx_word' id='word_1_118' title='bbox 518 2753 616 2824; x_wconf 92' lang='lat' dir='ltr'><strong>Item</strong></span> <span class='ocrx_word' id='word_1_119' title='bbox 635 2749 798 2843; x_wconf 89' lang='lat' dir='ltr'><strong>quolibet</strong></span> <span class='ocrx_word' id='word_1_120' title='bbox 819 2749 878 2818; x_wconf 89' lang='lat' dir='ltr'><strong>dia</strong></span> <span class='ocrx_word' id='word_1_121' title='bbox 895 2747 1052 2842; x_wconf 81' lang='lat' dir='ltr'><strong>pulsabit</strong></span> <span class='ocrx_word' id='word_1_122' title='bbox 1078 2745 1392 2853; x_wconf 24' lang='lat' dir='ltr'><strong>camparrastsolito</strong></span> <span class='ocrx_word' id='word_1_123' title='bbox 1418 2772 1518 2820; x_wconf 91' lang='lat' dir='ltr'><strong>more</strong></span> <span class='ocrx_word' id='word_1_124' title='bbox 1537 2751 1573 2819; x_wconf 92' lang='lat' dir='ltr'><strong>in</strong></span> <span class='ocrx_word' id='word_1_125' title='bbox 1592 2749 1688 2841; x_wconf 87' lang='lat' dir='ltr'><strong>serijs</strong></span> <span class='ocrx_word' id='word_1_126' title='bbox 1707 2763 1751 2822; x_wconf 86' lang='lat' dir='ltr'><strong>et</strong></span> 
     </span>
     <span class='ocr_line' id='line_1_17' title="bbox 395 2857 1750 2960; baseline -0.004 -22"><span class='ocrx_word' id='word_1_127' title='bbox 395 2863 494 2938; x_wconf 85' lang='lat' dir='ltr'><strong>sestis</strong></span> <span class='ocrx_word' id='word_1_128' title='bbox 519 2888 585 2960; x_wconf 86' lang='lat' dir='ltr'><strong>per</strong></span> <span class='ocrx_word' id='word_1_129' title='bbox 610 2871 728 2934; x_wconf 87' lang='lat' dir='ltr'><strong>totum</strong></span> <span class='ocrx_word' id='word_1_130' title='bbox 756 2882 893 2931; x_wconf 93' lang='lat' dir='ltr'><strong>annum</strong></span> <span class='ocrx_word' id='word_1_131' title='bbox 920 2869 994 2930; x_wconf 89' lang='lat' dir='ltr'><strong>tam</strong></span> <span class='ocrx_word' id='word_1_132' title='bbox 1023 2859 1153 2952; x_wconf 85' lang='lat' dir='ltr'><strong>hyeme</strong></span> <span class='ocrx_word' id='word_1_133' title='bbox 1179 2882 1286 2951; x_wconf 91' lang='lat' dir='ltr'><strong>quarn</strong></span> <span class='ocrx_word' id='word_1_134' title='bbox 1306 2861 1343 2930; x_wconf 91' lang='lat' dir='ltr'><strong>in</strong></span> <span class='ocrx_word' id='word_1_135' title='bbox 1361 2857 1476 2932; x_wconf 86' lang='lat' dir='ltr'><strong>estate</strong></span> <span class='ocrx_word' id='word_1_136' title='bbox 1503 2859 1673 2932; x_wconf 83' lang='lat' dir='ltr'><strong>videlieet</strong></span> <span class='ocrx_word' id='word_1_137' title='bbox 1699 2864 1750 2932; x_wconf 87' lang='lat' dir='ltr'><strong>ad</strong></span> 
     </span>
     <span class='ocr_line' id='line_1_18' title="bbox 396 2968 1751 3066; baseline -0.005 -16"><span class='ocrx_word' id='word_1_138' title='bbox 396 2981 595 3050; x_wconf 88' lang='lat' dir='ltr'><strong>matutinas</strong></span> <span class='ocrx_word' id='word_1_139' title='bbox 612 2977 701 3047; x_wconf 90' lang='lat' dir='ltr'><strong>hora</strong></span> <span class='ocrx_word' id='word_1_140' title='bbox 713 2973 842 3065; x_wconf 90' lang='lat' dir='ltr'><strong>quinta</strong></span> <span class='ocrx_word' id='word_1_141' title='bbox 854 2993 962 3041; x_wconf 88' lang='lat' dir='ltr'><strong>mane</strong></span> <span class='ocrx_word' id='word_1_142' title='bbox 975 2993 1041 3062; x_wconf 87' lang='lat' dir='ltr'><strong>per</strong></span> <span class='ocrx_word' id='word_1_143' title='bbox 1054 2981 1219 3062; x_wconf 89' lang='lat' dir='ltr'><strong>quartam</strong></span> <span class='ocrx_word' id='word_1_144' title='bbox 1233 2979 1374 3064; x_wconf 89' lang='lat' dir='ltr'><strong>partem</strong></span> <span class='ocrx_word' id='word_1_145' title='bbox 1388 2971 1475 3042; x_wconf 89' lang='lat' dir='ltr'><strong>bore</strong></span> <span class='ocrx_word' id='word_1_146' title='bbox 1493 2968 1667 3066; x_wconf 88' lang='lat' dir='ltr'><strong>pulsando</strong></span> <span class='ocrx_word' id='word_1_147' title='bbox 1679 2995 1751 3064; x_wconf 93' lang='lat' dir='ltr'><strong>pro</strong></span> 
     </span>
     <span class='ocr_line' id='line_1_19' title="bbox 395 3079 1752 3184; baseline -0.004 -24"><span class='ocrx_word' id='word_1_148' title='bbox 395 3092 511 3182; x_wconf 91' lang='lat' dir='ltr'><strong>primo</strong></span> <span class='ocrx_word' id='word_1_149' title='bbox 528 3085 631 3184; x_wconf 91' lang='lat' dir='ltr'><strong>pulsu</strong></span> <span class='ocrx_word' id='word_1_150' title='bbox 650 3127 658 3143; x_wconf 93' lang='lat'><strong>·</strong></span> <span class='ocrx_word' id='word_1_151' title='bbox 678 3107 743 3178; x_wconf 93' lang='lat' dir='ltr'><strong>pro</strong></span> <span class='ocrx_word' id='word_1_152' title='bbox 768 3081 925 3153; x_wconf 82' lang='lat' dir='ltr'><strong>seeundo</strong></span> <span class='ocrx_word' id='word_1_153' title='bbox 942 3082 1035 3153; x_wconf 90' lang='lat' dir='ltr'><strong>oitra</strong></span> <span class='ocrx_word' id='word_1_154' title='bbox 1053 3079 1154 3152; x_wconf 87' lang='lat' dir='ltr'><strong>sexte</strong></span> <span class='ocrx_word' id='word_1_155' title='bbox 1172 3083 1439 3154; x_wconf 87' lang='lat' dir='ltr'><strong>dimidietatem</strong></span> <span class='ocrx_word' id='word_1_156' title='bbox 1458 3083 1659 3154; x_wconf 84' lang='lat' dir='ltr'><strong>inchoando</strong></span> <span class='ocrx_word' id='word_1_157' title='bbox 1680 3105 1752 3176; x_wconf 89' lang='lat' dir='ltr'><strong>per</strong></span> 
     </span>
     <span class='ocr_line' id='line_1_20' title="bbox 395 3191 1750 3288; baseline -0.006 -16"><span class='ocrx_word' id='word_1_158' title='bbox 395 3201 492 3272; x_wconf 86' lang='lat' dir='ltr'><strong>illius</strong></span> <span class='ocrx_word' id='word_1_159' title='bbox 518 3202 631 3270; x_wconf 85' lang='lat' dir='ltr'><strong>ferme</strong></span> <span class='ocrx_word' id='word_1_160' title='bbox 654 3198 742 3267; x_wconf 87' lang='lat' dir='ltr'><strong>hore</strong></span> <span class='ocrx_word' id='word_1_161' title='bbox 769 3194 1035 3264; x_wconf 88' lang='lat' dir='ltr'><strong>dimidietatem</strong></span> <span class='ocrx_word' id='word_1_162' title='bbox 1060 3194 1307 3264; x_wconf 83' lang='lat' dir='ltr'><strong>continuando</strong></span> <span class='ocrx_word' id='word_1_163' title='bbox 1333 3191 1342 3252; x_wconf 82' lang='lat'><strong>‘·</strong></span> <span class='ocrx_word' id='word_1_164' title='bbox 1370 3217 1433 3288; x_wconf 89' lang='lat' dir='ltr'><strong>pro</strong></span> <span class='ocrx_word' id='word_1_165' title='bbox 1461 3195 1570 3264; x_wconf 84' lang='lat' dir='ltr'><strong>tertio</strong></span> <span class='ocrx_word' id='word_1_166' title='bbox 1596 3216 1679 3264; x_wconf 85' lang='lat' dir='ltr'><strong>vero</strong></span> <span class='ocrx_word' id='word_1_167' title='bbox 1707 3198 1750 3264; x_wconf 90' lang='lat' dir='ltr'><strong>in</strong></span> 
     </span>
     <span class='ocr_line' id='line_1_21' title="bbox 395 3300 1753 3400; baseline -0.004 -17"><span class='ocrx_word' id='word_1_168' title='bbox 395 3315 494 3385; x_wconf 76' lang='lat' dir='ltr'><strong>tatto</strong></span> <span class='ocrx_word' id='word_1_169' title='bbox 515 3311 608 3381; x_wconf 84' lang='lat' dir='ltr'><strong>sexti</strong></span> <span class='ocrx_word' id='word_1_170' title='bbox 634 3307 807 3400; x_wconf 80' lang='lat' dir='ltr'><strong>boralogij</strong></span> <span class='ocrx_word' id='word_1_171' title='bbox 836 3301 943 3374; x_wconf 75' lang='lat' dir='ltr'><strong>simili</strong></span> <span class='ocrx_word' id='word_1_172' title='bbox 970 3304 1162 3376; x_wconf 90' lang='lat' dir='ltr'><strong>duratione</strong></span> <span class='ocrx_word' id='word_1_173' title='bbox 1188 3300 1279 3376; x_wconf 81' lang='lat' dir='ltr'><strong>ficut</strong></span> <span class='ocrx_word' id='word_1_174' title='bbox 1306 3305 1344 3376; x_wconf 93' lang='lat' dir='ltr'><strong>in</strong></span> <span class='ocrx_word' id='word_1_175' title='bbox 1371 3307 1486 3398; x_wconf 89' lang='lat' dir='ltr'><strong>primo</strong></span> <span class='ocrx_word' id='word_1_176' title='bbox 1513 3303 1617 3398; x_wconf 89' lang='lat' dir='ltr'><strong>pulsu</strong></span> <span class='ocrx_word' id='word_1_177' title='bbox 1636 3345 1643 3362; x_wconf 91' lang='lat'><strong>·</strong></span> <span class='ocrx_word' id='word_1_178' title='bbox 1662 3305 1753 3388; x_wconf 88' lang='lat' dir='ltr'><strong>Qua</strong></span> 
     </span>
     <span class='ocr_line' id='line_1_22' title="bbox 396 3417 1753 3508; baseline -0.006 -12"><span class='ocrx_word' id='word_1_179' title='bbox 396 3427 483 3496; x_wconf 89' lang='lat' dir='ltr'><strong>bora</strong></span> <span class='ocrx_word' id='word_1_180' title='bbox 499 3422 602 3494; x_wconf 84' lang='lat' dir='ltr'><strong>sexta</strong></span> <span class='ocrx_word' id='word_1_181' title='bbox 626 3443 709 3493; x_wconf 87' lang='lat' dir='ltr'><strong>oum</strong></span> <span class='ocrx_word' id='word_1_182' title='bbox 731 3417 875 3489; x_wconf 88' lang='lat' dir='ltr'><strong>bedello</strong></span> <span class='ocrx_word' id='word_1_183' title='bbox 901 3418 1122 3487; x_wconf 83' lang='lat' dir='ltr'><strong>conueniant</strong></span> <span class='ocrx_word' id='word_1_184' title='bbox 1148 3439 1273 3488; x_wconf 88' lang='lat' dir='ltr'><strong>onmes</strong></span> <span class='ocrx_word' id='word_1_185' title='bbox 1300 3417 1421 3508; x_wconf 81' lang='lat' dir='ltr'><strong>vicarij</strong></span> <span class='ocrx_word' id='word_1_186' title='bbox 1449 3417 1547 3488; x_wconf 82' lang='lat' dir='ltr'><strong>chori</strong></span> <span class='ocrx_word' id='word_1_187' title='bbox 1564 3417 1609 3488; x_wconf 92' lang='lat' dir='ltr'><strong>ad</strong></span> <span class='ocrx_word' id='word_1_188' title='bbox 1628 3427 1753 3489; x_wconf 88' lang='lat' dir='ltr'><strong>matu-</strong></span> 
     </span>
     <span class='ocr_line' id='line_1_23' title="bbox 396 3527 1751 3622; baseline -0.003 -16"><span class='ocrx_word' id='word_1_189' title='bbox 396 3540 491 3608; x_wconf 85' lang='lat' dir='ltr'><strong>tinas</strong></span> <span class='ocrx_word' id='word_1_190' title='bbox 525 3558 608 3606; x_wconf 87' lang='lat' dir='ltr'><strong>cum</strong></span> <span class='ocrx_word' id='word_1_191' title='bbox 642 3531 826 3604; x_wconf 83' lang='lat' dir='ltr'><strong>habitibus</strong></span> <span class='ocrx_word' id='word_1_192' title='bbox 852 3527 925 3600; x_wconf 89' lang='lat' dir='ltr'><strong>suis</strong></span> <span class='ocrx_word' id='word_1_193' title='bbox 955 3529 1179 3621; x_wconf 88' lang='lat' dir='ltr'><strong>temporibus</strong></span> <span class='ocrx_word' id='word_1_194' title='bbox 1214 3529 1258 3600; x_wconf 90' lang='lat' dir='ltr'><strong>ad</strong></span> <span class='ocrx_word' id='word_1_195' title='bbox 1294 3529 1362 3599; x_wconf 88' lang='lat' dir='ltr'><strong>hoo</strong></span> <span class='ocrx_word' id='word_1_196' title='bbox 1397 3529 1678 3622; x_wconf 80' lang='lat' dir='ltr'><strong>congruentibus</strong></span> <span class='ocrx_word' id='word_1_197' title='bbox 1708 3543 1751 3602; x_wconf 92' lang='lat' dir='ltr'><strong>et</strong></span> 
     </span>
     <span class='ocr_line' id='line_1_24' title="bbox 395 3639 1753 3732; baseline -0.007 -12"><span class='ocrx_word' id='word_1_198' title='bbox 395 3647 537 3720; x_wconf 86' lang='lat' dir='ltr'><strong>easdem</strong></span> <span class='ocrx_word' id='word_1_199' title='bbox 556 3649 593 3717; x_wconf 92' lang='lat' dir='ltr'><strong>in</strong></span> <span class='ocrx_word' id='word_1_200' title='bbox 611 3647 758 3716; x_wconf 90' lang='lat' dir='ltr'><strong>nomine</strong></span> <span class='ocrx_word' id='word_1_201' title='bbox 772 3643 907 3712; x_wconf 91' lang='lat' dir='ltr'><strong>domini</strong></span> <span class='ocrx_word' id='word_1_202' title='bbox 927 3641 1104 3732; x_wconf 79' lang='lat' dir='ltr'><strong>incipiant</strong></span> <span class='ocrx_word' id='word_1_203' title='bbox 1122 3649 1161 3710; x_wconf 85' lang='lat' dir='ltr'><strong>et</strong></span> <span class='ocrx_word' id='word_1_204' title='bbox 1180 3639 1308 3712; x_wconf 88' lang='lat' dir='ltr'><strong>finiant</strong></span> <span class='ocrx_word' id='word_1_205' title='bbox 1327 3681 1335 3697; x_wconf 90' lang='lat'><strong>·</strong></span> <span class='ocrx_word' id='word_1_206' title='bbox 1354 3641 1546 3710; x_wconf 88' lang='lat' dir='ltr'><strong>matutinis</strong></span> <span class='ocrx_word' id='word_1_207' title='bbox 1564 3663 1647 3718; x_wconf 86' lang='lat' dir='ltr'><strong>vero</strong></span> <span class='ocrx_word' id='word_1_208' title='bbox 1664 3663 1753 3732; x_wconf 93' lang='lat' dir='ltr'><strong>per-</strong></span> 
     </span>
     <span class='ocr_line' id='line_1_25' title="bbox 395 3752 1752 3854; baseline -0.005 -21"><span class='ocrx_word' id='word_1_209' title='bbox 395 3763 484 3833; x_wconf 73' lang='lat' dir='ltr'><strong>attis</strong></span> <span class='ocrx_word' id='word_1_210' title='bbox 518 3757 674 3854; x_wconf 87' lang='lat' dir='ltr'><strong>pulsabit</strong></span> <span class='ocrx_word' id='word_1_211' title='bbox 705 3779 768 3849; x_wconf 88' lang='lat' dir='ltr'><strong>pro</strong></span> <span class='ocrx_word' id='word_1_212' title='bbox 796 3755 913 3846; x_wconf 88' lang='lat' dir='ltr'><strong>prima</strong></span> <span class='ocrx_word' id='word_1_213' title='bbox 946 3754 1210 3823; x_wconf 88' lang='lat' dir='ltr'><strong>matutinarum</strong></span> <span class='ocrx_word' id='word_1_214' title='bbox 1240 3753 1362 3843; x_wconf 90' lang='lat' dir='ltr'><strong>equali</strong></span> <span class='ocrx_word' id='word_1_215' title='bbox 1393 3752 1583 3824; x_wconf 86' lang='lat' dir='ltr'><strong>duratione</strong></span> <span class='ocrx_word' id='word_1_216' title='bbox 1616 3753 1752 3826; x_wconf 90' lang='lat' dir='ltr'><strong>humili</strong></span> 
     </span>
     <span class='ocr_line' id='line_1_26' title="bbox 396 3859 1753 3965; baseline -0.006 -20"><span class='ocrx_word' id='word_1_217' title='bbox 396 3895 570 3965; x_wconf 88' lang='lat' dir='ltr'><strong>campana</strong></span> <span class='ocrx_word' id='word_1_218' title='bbox 596 3869 700 3941; x_wconf 85' lang='lat' dir='ltr'><strong>srouti</strong></span> <span class='ocrx_word' id='word_1_219' title='bbox 726 3869 841 3960; x_wconf 91' lang='lat' dir='ltr'><strong>primo</strong></span> <span class='ocrx_word' id='word_1_220' title='bbox 868 3862 973 3958; x_wconf 94' lang='lat' dir='ltr'><strong>pulsu</strong></span> <span class='ocrx_word' id='word_1_221' title='bbox 999 3864 1262 3934; x_wconf 87' lang='lat' dir='ltr'><strong>matutinarum</strong></span> <span class='ocrx_word' id='word_1_222' title='bbox 1282 3903 1290 3920; x_wconf 93' lang='lat'><strong>·</strong></span> <span class='ocrx_word' id='word_1_223' title='bbox 1309 3863 1440 3934; x_wconf 88' lang='lat' dir='ltr'><strong>deinde</strong></span> <span class='ocrx_word' id='word_1_224' title='bbox 1458 3885 1521 3955; x_wconf 92' lang='lat' dir='ltr'><strong>pro</strong></span> <span class='ocrx_word' id='word_1_225' title='bbox 1543 3859 1644 3934; x_wconf 88' lang='lat' dir='ltr'><strong>missa</strong></span> <span class='ocrx_word' id='word_1_226' title='bbox 1660 3864 1753 3937; x_wconf 91' lang='lat' dir='ltr'><strong>diue</strong></span> 
     </span>
     <span class='ocr_line' id='line_1_27' title="bbox 397 3971 1749 4079; baseline -0.004 -27"><span class='ocrx_word' id='word_1_227' title='bbox 397 3985 543 4079; x_wconf 80' lang='lat' dir='ltr'><strong>virginis</strong></span> <span class='ocrx_word' id='word_1_228' title='bbox 574 3983 693 4052; x_wconf 86' lang='lat' dir='ltr'><strong>Maria</strong></span> <span class='ocrx_word' id='word_1_229' title='bbox 725 3978 839 4072; x_wconf 89' lang='lat' dir='ltr'><strong>prima</strong></span> <span class='ocrx_word' id='word_1_230' title='bbox 864 3983 1079 4071; x_wconf 85' lang='lat' dir='ltr'><strong>percantata</strong></span> <span class='ocrx_word' id='word_1_231' title='bbox 1103 3985 1211 4067; x_wconf 88' lang='lat' dir='ltr'><strong>prout</strong></span> <span class='ocrx_word' id='word_1_232' title='bbox 1239 3974 1326 4046; x_wconf 88' lang='lat' dir='ltr'><strong>alias</strong></span> <span class='ocrx_word' id='word_1_233' title='bbox 1357 3974 1468 4044; x_wconf 88' lang='lat' dir='ltr'><strong>suerit</strong></span> <span class='ocrx_word' id='word_1_234' title='bbox 1503 3971 1749 4046; x_wconf 83' lang='lat' dir='ltr'><strong>consuetum·</strong></span> 
     </span>
     <span class='ocr_line' id='line_1_28' title="bbox 395 4083 1751 4182; baseline -0.007 -13"><span class='ocrx_word' id='word_1_235' title='bbox 395 4098 526 4168; x_wconf 85' lang='lat' dir='ltr'><strong>deinde</strong></span> <span class='ocrx_word' id='word_1_236' title='bbox 552 4096 639 4165; x_wconf 90' lang='lat' dir='ltr'><strong>bora</strong></span> <span class='ocrx_word' id='word_1_237' title='bbox 656 4115 800 4164; x_wconf 85' lang='lat' dir='ltr'><strong>nouona</strong></span> <span class='ocrx_word' id='word_1_238' title='bbox 825 4087 925 4160; x_wconf 87' lang='lat' dir='ltr'><strong>missa</strong></span> <span class='ocrx_word' id='word_1_239' title='bbox 950 4088 1035 4158; x_wconf 88' lang='lat' dir='ltr'><strong>diue</strong></span> <span class='ocrx_word' id='word_1_240' title='bbox 1054 4087 1201 4182; x_wconf 83' lang='lat' dir='ltr'><strong>virginis</strong></span> <span class='ocrx_word' id='word_1_241' title='bbox 1219 4085 1402 4158; x_wconf 83' lang='lat' dir='ltr'><strong>celebrata</strong></span> <span class='ocrx_word' id='word_1_242' title='bbox 1427 4087 1583 4178; x_wconf 90' lang='lat' dir='ltr'><strong>primum</strong></span> <span class='ocrx_word' id='word_1_243' title='bbox 1603 4083 1751 4178; x_wconf 88' lang='lat' dir='ltr'><strong>pulsum</strong></span> 
     </span>
     <span class='ocr_line' id='line_1_29' title="bbox 396 4197 1753 4302; baseline -0.007 -22"><span class='ocrx_word' id='word_1_244' title='bbox 396 4233 459 4302; x_wconf 88' lang='lat' dir='ltr'><strong>pro</strong></span> <span class='ocrx_word' id='word_1_245' title='bbox 489 4209 616 4279; x_wconf 89' lang='lat' dir='ltr'><strong>maiori</strong></span> <span class='ocrx_word' id='word_1_246' title='bbox 646 4201 748 4275; x_wconf 83' lang='lat' dir='ltr'><strong>milla</strong></span> <span class='ocrx_word' id='word_1_247' title='bbox 775 4201 957 4274; x_wconf 89' lang='lat' dir='ltr'><strong>intonabit</strong></span> <span class='ocrx_word' id='word_1_248' title='bbox 985 4223 1050 4292; x_wconf 89' lang='lat' dir='ltr'><strong>per</strong></span> <span class='ocrx_word' id='word_1_249' title='bbox 1075 4198 1221 4292; x_wconf 88' lang='lat' dir='ltr'><strong>equales</strong></span> <span class='ocrx_word' id='word_1_250' title='bbox 1239 4197 1447 4268; x_wconf 87' lang='lat' dir='ltr'><strong>durationes</strong></span> <span class='ocrx_word' id='word_1_251' title='bbox 1473 4208 1510 4268; x_wconf 86' lang='lat' dir='ltr'><strong>et</strong></span> <span class='ocrx_word' id='word_1_252' title='bbox 1539 4205 1753 4290; x_wconf 88' lang='lat' dir='ltr'><strong>temporum</strong></span> 
     </span>
     <span class='ocr_line' id='line_1_30' title="bbox 396 4305 1754 4392; baseline -0.007 0"><span class='ocrx_word' id='word_1_253' title='bbox 396 4320 627 4392; x_wconf 85' lang='lat' dir='ltr'><strong>discretiones</strong></span> <span class='ocrx_word' id='word_1_254' title='bbox 646 4313 748 4388; x_wconf 77' lang='lat' dir='ltr'><strong>sicuti</strong></span> <span class='ocrx_word' id='word_1_255' title='bbox 768 4315 812 4386; x_wconf 90' lang='lat' dir='ltr'><strong>ad</strong></span> <span class='ocrx_word' id='word_1_256' title='bbox 831 4313 1030 4384; x_wconf 86' lang='lat' dir='ltr'><strong>matutinas</strong></span> <span class='ocrx_word' id='word_1_257' title='bbox 1043 4311 1253 4381; x_wconf 91' lang='lat' dir='ltr'><strong>iamdudum</strong></span> <span class='ocrx_word' id='word_1_258' title='bbox 1273 4309 1411 4380; x_wconf 71' lang='lat' dir='ltr'><strong>tasum</strong></span> <span class='ocrx_word' id='word_1_259' title='bbox 1431 4305 1484 4380; x_wconf 91' lang='lat' dir='ltr'><strong>est</strong></span> <span class='ocrx_word' id='word_1_260' title='bbox 1501 4309 1588 4380; x_wconf 92' lang='lat' dir='ltr'><strong>bora</strong></span> <span class='ocrx_word' id='word_1_261' title='bbox 1605 4310 1754 4384; x_wconf 81' lang='lat' dir='ltr'><strong>decima</strong></span> 
     </span>
     <span class='ocr_line' id='line_1_31' title="bbox 395 4422 1750 4516; baseline -0.007 -13"><span class='ocrx_word' id='word_1_262' title='bbox 395 4431 624 4504; x_wconf 87' lang='lat' dir='ltr'><strong>terminando</strong></span> <span class='ocrx_word' id='word_1_263' title='bbox 642 4471 650 4487; x_wconf 88' lang='lat'><strong>·</strong></span> <span class='ocrx_word' id='word_1_264' title='bbox 671 4424 786 4500; x_wconf 86' lang='lat' dir='ltr'><strong>Festia</strong></span> <span class='ocrx_word' id='word_1_265' title='bbox 812 4449 898 4497; x_wconf 84' lang='lat' dir='ltr'><strong>vero</strong></span> <span class='ocrx_word' id='word_1_266' title='bbox 924 4422 1132 4495; x_wconf 88' lang='lat' dir='ltr'><strong>solennibus</strong></span> <span class='ocrx_word' id='word_1_267' title='bbox 1157 4445 1221 4514; x_wconf 93' lang='lat' dir='ltr'><strong>pro</strong></span> <span class='ocrx_word' id='word_1_268' title='bbox 1248 4444 1459 4516; x_wconf 84' lang='lat' dir='ltr'><strong>magnarum</strong></span> <span class='ocrx_word' id='word_1_269' title='bbox 1487 4443 1750 4514; x_wconf 86' lang='lat' dir='ltr'><strong>campanarum</strong></span> 
     </span>
     <span class='ocr_line' id='line_1_32' title="bbox 396 4529 1752 4638; baseline -0.004 -24"><span class='ocrx_word' id='word_1_270' title='bbox 396 4542 596 4638; x_wconf 91' lang='lat' dir='ltr'><strong>pulsatione</strong></span> <span class='ocrx_word' id='word_1_271' title='bbox 633 4550 755 4612; x_wconf 86' lang='lat' dir='ltr'><strong>vtetur</strong></span> <span class='ocrx_word' id='word_1_272' title='bbox 788 4541 826 4609; x_wconf 92' lang='lat' dir='ltr'><strong>in</strong></span> <span class='ocrx_word' id='word_1_273' title='bbox 861 4535 1035 4630; x_wconf 89' lang='lat' dir='ltr'><strong>pulsando</strong></span> <span class='ocrx_word' id='word_1_274' title='bbox 1071 4535 1177 4628; x_wconf 86' lang='lat' dir='ltr'><strong>varija</strong></span> <span class='ocrx_word' id='word_1_275' title='bbox 1212 4529 1330 4627; x_wconf 75' lang='lat' dir='ltr'><strong>pausis</strong></span> <span class='ocrx_word' id='word_1_276' title='bbox 1365 4543 1403 4604; x_wconf 89' lang='lat' dir='ltr'><strong>et</strong></span> <span class='ocrx_word' id='word_1_277' title='bbox 1438 4531 1601 4606; x_wconf 84' lang='lat' dir='ltr'><strong>discretis</strong></span> <span class='ocrx_word' id='word_1_278' title='bbox 1635 4549 1752 4627; x_wconf 92' lang='lat' dir='ltr'><strong>prout</strong></span> 
     </span>
    </p>
   </div>
   <div class='ocr_carea' id='block_1_6' title="bbox 0 0 2038 5534">
    <p class='ocr_par' dir='ltr' id='par_1_6' title="bbox 0 0 2038 5534">
     <span class='ocr_line' id='line_1_33' title="bbox 0 0 2038 5534; baseline 0 0"><span class='ocrx_word' id='word_1_279' title='bbox 0 0 2038 5534; x_wconf 95' lang='lat' dir='ltr'><strong> </strong></span> 
     </span>
    </p>
   </div>
  </div>
 </body>
</html>
