4050 5534
230 623 331 718 rna]
696 623 1098 699 ABERDONENSE.
1520 640 1561 704 11

228 815 356 917 quaet
382 820 539 896 distride
569 824 786 917 precipimus
813 834 853 894 vt
878 824 1118 899 archidiaconi
1144 837 1181 901 et
1207 829 1334 902 decani
1360 826 1465 924 super
1493 830 1562 903 hoc

228 936 436 1032 diligentem
467 935 545 1006 fieri
579 936 714 1007 faciant
746 959 810 1030 per
840 959 965 1008 omnes
995 937 1191 1012 decanatus
1225 936 1491 1033 inquisitionem
1524 953 1562 1014 et

228 1049 316 1140 quod
335 1043 526 1120 statuimus
544 1043 722 1120 obsemari
741 1087 748 1104 ·

482 1269 592 1342 XIX.
620 1270 678 1343 De
694 1271 800 1342 rebus
817 1267 965 1344 ecclefie
982 1295 1057 1344 nou
1074 1274 1273 1346 alienandis
1290 1317 1298 1332 ·

227 1496 409 1570 Satuimus
425 1499 537 1568 etiam
554 1496 650 1589 quod
667 1491 896 1568 ecclesiarum
912 1496 1171 1591 parochialium
1187 1499 1342 1572 rettores
1357 1498 1420 1572 seu
1437 1501 1557 1594 ricarij

227 1607 362 1680 easdem
392 1603 559 1680 ecclesus
583 1602 649 1678 fibi
674 1603 872 1680 commissas
902 1607 1103 1680 nullatinus
1132 1608 1291 1704 obligare
1316 1611 1460 1684 valeant
1490 1634 1559 1686 nec

226 1723 356 1794 irudsns
373 1743 495 1792 earum
514 1720 559 1793 ad
577 1718 747 1791 ulteriora
770 1727 934 1813 tempora
950 1721 1107 1792 vendere
1123 1730 1188 1793 aut
1204 1718 1420 1814 quibussibet
1442 1724 1558 1796 modis

226 1834 378 1906 alienare
402 1828 470 1904 nisi
492 1840 670 1925 quatenus
695 1831 742 1902 ad
767 1829 910 1904 eosdem
934 1835 1090 1905 restores
1114 1855 1179 1927 pro
1203 1831 1240 1906 se
1261 1836 1468 1908 uiuentibus
1493 1846 1558 1909 aut

226 1943 282 2018 suo
298 1945 446 2018 annuali
471 1945 630 2039 poterint
647 1944 827 2037 pertinere
848 1966 895 2016 ne
920 1967 985 2038 per
1001 1942 1237 2039 obligationes
1261 1953 1299 2019 et
1321 1946 1558 2020 alienationes

226 2055 423 2129 huiusmodi
450 2051 607 2150 ecclefijs
630 2050 714 2148 ipsis
740 2065 780 2128 et
806 2078 929 2128 earum
954 2059 1115 2150 patronis
1140 2065 1205 2129 aut
1230 2081 1353 2130 earum
1378 2061 1556 2132 redarum

227 2165 474 2242 successoribus
492 2169 686 2262 dampnum
705 2177 768 2240 aut
785 2167 916 2240 iniuria
930 2178 1150 2264 generetur·

664 2389 753 2462 XX.
780 2391 875 2463 Item
894 2393 939 2463 de
957 2393 1084 2464 eodem
1103 2434 1111 2449 ·

227 2616 425 2690 Statuimus
438 2618 549 2687 etiam
562 2616 656 2708 quod
673 2615 794 2686 nullus
811 2617 927 2687 redsor
939 2627 1003 2688 aut
1016 2617 1168 2689 vicarius
1185 2618 1396 2711 parochialis
1408 2617 1556 2695 ecclesie

226 2729 378 2802 decimas
404 2728 541 2820 aliquas
571 2736 635 2799 aut
664 2737 861 2820 prouentus
891 2729 979 2800 alios
1008 2725 1263 2802 ecclesiasticos
1288 2731 1445 2824 personis
1471 2758 1557 2807 con·

225 2841 350 2913 iundcis
375 2850 439 2912 aut
464 2841 645 2912 extraneis
670 2837 855 2933 presertim
881 2839 981 2912 laicis
1008 2842 1187 2914 etiamad
1211 2839 1315 2913 suum
1339 2855 1555 2938 perpetuum

225 2953 339 3045 quoad
363 2951 603 3024 concedentes
628 2961 692 3022 aut
716 2952 933 3046 recipientes
950 2955 1109 3025 vixerint
1134 2954 1219 3026 dare
1235 2952 1381 3027 valeant
1400 2958 1556 3030 vendere

225 3066 280 3138 rel
305 3064 574 3158 quomodolibet
598 3061 755 3137 alienare
773 3105 781 3121 ·
800 3072 839 3136 et
864 3061 891 3135 sr
917 3066 1003 3158 quid
1029 3075 1155 3137 contra
1179 3062 1425 3160 presumptum
1445 3069 1556 3142 fuerit

224 3178 361 3250 irritum
378 3173 424 3248 fit
442 3185 480 3248 et
497 3177 604 3248 inane
622 3183 660 3246 et
677 3175 772 3268 quod
790 3170 838 3247 fic
854 3175 1055 3249 alienatum
1078 3177 1188 3249 fuerit
1204 3177 1250 3249 ad
1270 3179 1327 3250 ius
1342 3189 1381 3250 et
1398 3184 1555 3276 proprie-

224 3299 336 3362 tatem
352 3286 415 3361 sue
432 3283 579 3361 ecclesie
595 3288 822 3382 integraliter
837 3299 1042 3362 reuertatur
1058 3329 1066 3344 ·

655 3512 765 3585 XXI.
793 3511 889 3585 Item
906 3512 951 3584 de
968 3513 1096 3584 eodem
1113 3553 1121 3570 ·

221 3739 411 3812 Adicimus
438 3739 548 3810 etiam
573 3738 668 3830 quod
693 3736 814 3809 nullus
838 3737 954 3808 ratior
978 3745 1042 3809 aut
1067 3738 1219 3809 vicarius
1245 3737 1465 3812 decimarum
1490 3739 1555 3814 seu

220 3851 371 3926 aliorum
389 3858 631 3944 prouentuum
649 3844 964 3922 ecclesiasticorum
981 3872 1046 3942 per
1062 3851 1167 3920 vuius
1182 3852 1268 3922 anni
1282 3848 1436 3945 spatium
1453 3861 1555 3925 ante-

222 3985 329 4058 quam
355 3962 481 4034 eedcm
504 3961 642 4033 decime
667 3955 729 4032 seu
753 3968 950 4055 prouentus
976 3962 1112 4056 percipi
1137 3960 1294 4034 debeant
1309 3962 1555 4036 venditionem

221 4074 477 4170 obligationem
501 4071 564 4144 seu
588 4072 695 4144 aliam
724 4071 979 4144 alienationem
1007 4074 1204 4166 anticipare
1228 4069 1409 4167 presumat
1432 4115 1440 4131 ·
1463 4085 1502 4147 et
1527 4071 1555 4144 si

219 4184 321 4260 secus
336 4182 582 4280 presumptum
596 4185 707 4256 fuerit
721 4184 858 4278 bijdem
874 4182 1078 4257 contractus
1091 4185 1189 4256 omni
1202 4192 1348 4256 careant
1360 4185 1532 4258 firmitate
1546 4228 1553 4244 ·

220 4299 391 4394 quoniam
420 4319 484 4392 per
508 4293 713 4369 contractus
740 4291 942 4367 huiusmodi
969 4289 1118 4367 ecclelia
1146 4294 1318 4368 leduntur
1340 4297 1495 4370 rasores
1517 4309 1557 4370 et

220 4411 343 4504 ricarij
360 4409 649 4504 depauperantur
665 4449 674 4466 ·
693 4415 855 4480 ementes
879 4408 989 4480 etiam
1011 4405 1225 4502 plerumque
1247 4403 1318 4480 suis
1340 4411 1472 4504 preoijs
1495 4412 1557 4484 de-

219 4523 465 4598 fraudantur·
491 4523 569 4593 iura
593 4521 703 4594 etiam
733 4519 990 4594 ordinariorum
1020 4518 1234 4614 quandoque
1263 4519 1475 4596 deseruntur
1498 4525 1557 4598 vel

220 4637 368 4734 penitus
385 4641 605 4707 eneruantur
621 4673 629 4688 ·
