4050 5534
252 668 350 763 xvi]
716 670 1118 779 annnnonnusn.
1517 681 1586 749 185

297 866 436 943 Amula
447 888 579 969 magna
590 896 674 945 eum
685 869 876 967 aspersorio
893 895 940 945 ex
950 882 1101 969 argento
1109 872 1276 967 penderis
1287 871 1475 945 dnodeoim
1492 894 1585 945 mar-

250 1003 370 1053 camm
381 985 588 1077 quindecim
608 986 794 1058 vnoiamm
812 985 1006 1057 extenden’
1022 986 1066 1059 ud
1084 983 1148 1058 sex
1164 984 1274 1058 libras
1291 986 1449 1079 quinque
1462 986 1583 1058 melas

249 1115 313 1185 pro
328 1094 601 1170 eonseruatione
617 1120 711 1193 eque
726 1097 917 1171 bonodiee
934 1137 943 1155 ·

298 1204 383 1280 Due
398 1208 520 1303 phiole
532 1232 617 1282 eum
629 1211 738 1283 armis
760 1208 952 1304 supradidti
968 1210 1157 1281 reuerendi
1173 1210 1285 1303 patris
1302 1230 1349 1280 ex
1374 1216 1530 1303 argento
1544 1211 1581 1279 in

249 1318 406 1391 inferiori
419 1331 522 1415 parte
535 1321 707 1395 deaurate
719 1321 884 1394 ordinate
901 1344 965 1415 pro
977 1317 1118 1393 summo
1131 1320 1235 1395 altan'
1251 1321 1419 1414 ponderis
1432 1320 1581 1393 duarum

249 1452 446 1504 marearum
471 1434 577 1507 nnius
602 1435 707 1507 vneie
739 1442 893 1527 quatuor
918 1429 1117 1530 esterlingis
1145 1434 1386 1505 extendentes
1410 1434 1455 1507 ud
1473 1454 1581 1505 vnum

249 1540 376 1615 libram
392 1566 501 1617 vnam
517 1547 661 1619 nnciam
673 1554 712 1619 et
729 1552 885 1639 quatuor
900 1541 1172 1641 osterlingenses
1189 1586 1197 1603 ·

295 1653 435 1729 sextus
464 1659 733 1755 euangeliorum
763 1680 811 1731 ex
846 1666 996 1753 argento
1027 1658 1218 1731 deauratus
1247 1654 1414 1750 ponderis
1440 1654 1579 1753 septem

248 1788 444 1843 marearum
469 1780 625 1866 quatuor
649 1764 957 1867 esterlinpensium
984 1771 1186 1843 extendens
1202 1770 1247 1843 ed
1265 1778 1339 1841 tres
1365 1766 1474 1842 libras
1495 1793 1578 1843 oum

249 1877 444 1956 dimediata
460 1892 499 1955 et
516 1896 673 1978 quatuor
688 1879 984 1979 esterlingenses·

295 1990 379 2067 'l'ria
403 1995 552 2069 monilia
569 2019 615 2068 ex
632 2004 782 2091 argente
799 1994 971 2067 deaurata
994 2016 1060 2088 pro
1077 1996 1200 2089 cappis
1215 1992 1395 2087 pontificis
1411 1992 1578 2087 penderis

247 2104 355 2176 trium
391 2129 591 2181 marearum
626 2109 731 2180 vnius
756 2108 861 2179 vneie
889 2108 1001 2178 trium
1031 2104 1230 2201 osterlingis
1263 2106 1499 2179 extendentia
1531 2106 1576 2179 sd

248 2236 353 2321 snam
369 2216 498 2292 libram
514 2242 648 2293 nouem
664 2221 787 2293 meins
803 2228 843 2291 et
858 2230 933 2291 tres
958 2214 1227 2315 esterlingenses
1247 2239 1294 2289 ex
1319 2218 1449 2311 quibus
1466 2239 1577 2289 vnum

247 2328 342 2402 furto
357 2328 540 2405 sublatum
556 2329 610 2405 est
626 2356 692 2427 per
706 2329 925 2427 supradittos
941 2328 1114 2404 satellites
1130 2370 1139 2389 ·

294 2440 393 2515 Crux
408 2444 597 2539 pastoralis
613 2468 679 2541 pro
695 2442 860 2539 episeopo
876 2466 924 2515 ex
941 2452 1091 2540 argento
1104 2442 1275 2517 deaurata
1289 2442 1456 2537 penderis
1465 2443 1575 2515 trium

248 2553 429 2627 meierum
446 2558 636 2630 duodecim
652 2552 960 2653 esterlingenfium
977 2594 986 2612 ·

295 2663 411 2763 Virgo
425 2670 591 2743 ordinata
605 2692 670 2765 pro
682 2668 817 2743 bidello
831 2669 870 2741 in
879 2666 1119 2742 anterioribus
1132 2666 1294 2761 partibus
1307 2666 1477 2741 deaurata
1489 2690 1577 2761 pon-

247 2776 338 2849 deris
350 2782 490 2876 argenti
508 2778 667 2853 eiusdem
683 2778 748 2852 sex
765 2782 950 2854 vnciamm
967 2777 1172 2874 quindecim
1190 2774 1521 2877 esterlingensium·

291 2886 379 2961 Tres
403 2891 563 2987 ampulle
578 2899 750 2989 argentee
774 2894 944 2988 ponderis
960 2902 1002 2965 vt
1028 2887 1216 2963 estimatur
1239 2892 1350 2963 trium
1375 2913 1574 2963 marearum

247 3003 485 3077 extendentes
508 3006 554 3077 ad
579 3028 687 3077 vnum
712 3004 842 3078 libram
867 3028 952 3079 enm
976 3003 1174 3075 dimediata
1198 3024 1244 3075 ex
1270 3003 1400 3095 quibus
1434 3024 1504 3075 vna
1536 3004 1574 3075 in

245 3112 457 3188 abduuione
473 3140 557 3189 oum
573 3118 704 3189 ceteris
731 3117 882 3191 detenta
908 3114 962 3190 est
988 3137 1060 3188 vna
1083 3136 1166 3187 eum
1196 3108 1379 3186 elanssnris
1412 3124 1451 3187 et
1481 3114 1573 3209 palis

245 3226 438 3299 earundem
454 3250 520 3321 per
536 3225 755 3323 suprudidtos
771 3230 966 3302 demonum
983 3236 1129 3323 tyrones
1146 3266 1154 3283 ·

292 3334 536 3412 Monstrantia
563 3340 679 3413 maior
705 3342 847 3437 argenti
873 3342 1045 3414 deaurata
1076 3360 1141 3434 pro
1175 3334 1334 3412 custodia
1359 3336 1573 3411 eucharistie

244 3450 409 3541 ponderis
421 3453 551 3547 viginti
563 3473 697 3525 nouem
712 3473 914 3525 marearum
930 3452 1136 3546 quindecim
1157 3448 1356 3546 esterlingis
1373 3452 1573 3523 extendens

244 3560 288 3631 ad
297 3550 570 3654 quatuordeeim
582 3562 692 3637 libras
707 3588 791 3637 eum
802 3563 999 3637 dimediata
1010 3562 1215 3657 quindeeim
1226 3560 1425 3659 esterlingis
1441 3585 1573 3657 exque

243 3672 355 3746 ablati
370 3675 515 3751 suerunt
531 3686 606 3751 tres
630 3676 750 3773 angeli
767 3676 972 3749 deserentes
989 3674 1116 3748 titulos
1135 3676 1250 3747 erneis
1266 3671 1398 3747 Christi
1419 3672 1571 3747 Ebraiee

243 3781 360 3858 Greee
374 3796 413 3859 et
430 3786 562 3862 Latine
579 3811 686 3884 opere
702 3785 892 3861 artificioso
909 3830 918 3847 ·

291 3894 534 3973 Monstrantin
549 3901 779 3994 reliquiarum
801 3898 991 3973 'fredum
1007 3898 1155 3995 virginis
1172 3921 1218 3971 ex
1235 3908 1385 3995 argento
1401 3899 1570 3971 deaurata

241 4008 408 4101 ponderis
424 4012 576 4084 duarum
592 4011 763 4085 librarum
780 4012 947 4093 rndeeim
963 4012 1149 4083 vnoiarnm
1165 4032 1248 4083 oum
1265 4012 1459 4084 dimediata
1475 4048 1483 4067 ·

290 4118 532 4196 Monstrantia
546 4146 612 4218 pro
628 4122 900 4196 oonsematione
911 4122 1143 4217 reliquiarum
1156 4122 1231 4195 diui
1244 4122 1398 4196 Ternani
1415 4120 1568 4218 episcopi

240 4254 287 4303 ex
311 4242 460 4330 argento
483 4236 655 4309 deaurata
669 4234 837 4327 ponderis
852 4236 1004 4308 duarum
1028 4234 1198 4307 librarum
1215 4236 1372 4329 quinque
1384 4236 1568 4308 unciarum

241 4340 301 4416 sed
317 4346 356 4417 in
371 4346 581 4420 reduitione
597 4342 830 4419 cristallinum
847 4356 996 4443 mptum
1013 4355 1052 4420 et
1068 4346 1220 4419 nouum
1236 4342 1289 4418 est
1306 4388 1315 4405 ·

290 4452 531 4532 Monstrantia
554 4458 787 4553 reliquiamm
804 4460 880 4533 diui
905 4458 1044 4553 Paludij
1062 4480 1108 4531 ex
1125 4466 1276 4555 urgento
1292 4459 1463 4534 deaurata
1478 4482 1567 4553 pen-

283 4576 364 4629 vot.
383 4578 425 4631 11.
875 4565 940 4632 Qu
