4050 5534
243 647 344 744 xva]
590 646 606 681 '
719 644 1122 737 ABERDQNENSE.
1519 656 1590 722 213

187 840 193 850 ’
245 848 448 949 Alexandri
466 842 628 919 Carroun
653 844 717 943 xiij
743 848 773 919 ἔ.
792 846 837 918 de
861 846 966 919 domo
988 847 1169 939 quondam
1193 845 1332 919 Thome
1354 846 1465 919 Roull
1489 872 1587 921 nune

246 961 449 1034 Alexandri
477 958 627 1053 Men3es
652 958 898 1051 heredumque
923 956 1067 1031 suorum
1094 960 1133 1029 in
1161 961 1241 1032 vico
1266 960 1447 1033 furcarum
1469 959 1587 1033 Aber-

245 1069 393 1147 donenii
410 1095 458 1144 ex
474 1082 577 1165 parte
595 1069 761 1143 orientali
785 1068 943 1143 eiusdem
961 1072 1104 1143 iacente
1121 1108 1129 1125 ·
1147 1072 1209 1164 qui
1227 1072 1317 1166 obijt
1339 1095 1434 1144 anno
1451 1073 1586 1144 domini

246 1204 507 1259 ruccoxovru.

296 1298 437 1369 Eodem
471 1296 528 1368 die
562 1292 844 1367 anniuersarium
875 1290 1036 1390 magistri
1064 1295 1242 1370 Johannie
1272 1296 1356 1371 Olat
1386 1295 1507 1394 rioarij
1540 1301 1585 1371 de

247 1410 414 1506 Lungley
435 1406 495 1505 viij
521 1410 551 1483 ἔ.
578 1407 623 1479 de
649 1408 765 1479 oroito
788 1415 918 1479 vocato
941 1406 979 1501 ly
1003 1397 1217 1481 Newlandie
1246 1410 1342 1505 apud
1369 1410 1406 1506 ly
1428 1410 1587 1485 Gallow·

245 1523 341 1595 hillis
369 1532 407 1595 et
436 1521 476 1593 xl
503 1518 539 1593 d.
569 1518 732 1595 deterre
762 1519 943 1613 quondam
975 1518 1136 1596 Gilberti
1156 1518 1310 1597 Belman
1336 1546 1433 1596 nunc
1461 1524 1584 1596 badeie

209 1720 213 1729 .
248 1636 357 1729 wyffie
373 1657 485 1730 prope
501 1642 644 1729 portum
662 1633 707 1704 de
719 1631 859 1728 Futye·

614 1912 916 1985 Auulunmuum
934 1932 1071 1985 unums
1089 1915 1191 1987 Mun
1209 1956 1217 1971 ·

295 2081 482 2182 Vigeiimo
507 2066 659 2177 septimo
678 2080 770 2176 Maij
789 2077 1071 2155 anniuersarium
1088 2108 1154 2179 pro
1171 2089 1292 2160 anima
1315 2086 1472 2183 magistri
1489 2088 1583 2161 Wil-

248 2198 346 2271 lelmi
364 2196 574 2291 Gryohtoun
591 2195 678 2267 olim
694 2196 841 2267 reliceris
859 2194 905 2266 de
922 2192 1041 2288 Ovyn
1058 2220 1109 2269 xx
1122 2200 1152 2270 ἔ.
1169 2201 1232 2291 qui
1249 2199 1369 2296 obijt[
1392 2252 1402 2267 .
1484 2200 1583 2296 ]·de

248 2312 351 2383 terris
375 2308 545 2381 videlicet
566 2308 702 2379 domini
727 2308 773 2379 de
796 2300 1035 2379 Effilmontht
1067 2307 1132 2406 xiij
1168 2314 1198 2386 ἔ.
1215 2314 1264 2406 iiij
1292 2309 1328 2383 d.
1351 2324 1389 2385 et
1412 2315 1582 2387 dedomo

247 2424 332 2495 olim
357 2416 518 2518 magistri
538 2419 715 2492 Johannie
732 2419 940 2515 Gummyng
963 2444 1062 2493 nuno
1081 2420 1262 2495 Willelmi
1279 2423 1424 2519 Quhyu
1448 2428 1486 2497 in
1503 2428 1582 2498 vieo

247 2536 426 2608 furcarum
443 2527 692 2604 Aberdonenii
709 2554 755 2602 ex
773 2540 876 2625 parte
894 2531 1061 2605 orientali
1079 2531 1238 2606 eiusdem
1256 2537 1290 2630 vj
1309 2539 1338 2609 i.
1356 2536 1416 2633 viij
1437 2534 1472 2611 d.

296 2758 505 2832 Penultimo
544 2754 636 2853 Maij
682 2753 964 2829 anniuersarium
988 2704 1070 2851 'pro
1108 2760 1230 2832 anima
1261 2759 1419 2857 magistri
1453 2764 1581 2836 Jacobi

247 2873 412 2971 Ogyluye
436 2871 576 2942 abbatis
600 2870 645 2941 de
668 2866 879 2962 Dryburght
901 2877 939 2939 et
958 2870 1139 2942 reoioriea
1155 2868 1309 2943 Kinkell
1327 2914 1335 2931 ·
1354 2873 1456 2970 xxiiij
1475 2878 1505 2948 ἓ.
1529 2880 1583 2947 in·
1699 2936 1704 2943 .

247 2984 348 3081 super
372 2980 590 3078 pauperibus
613 2994 652 3053 et
678 2976 826 3052 diueriis
843 2976 924 3075 alijs
942 2975 1195 3053 distribuendis
1217 2996 1324 3076 prout
1341 2988 1379 3057 in
1396 2991 1505 3061 carnia
1521 2990 1583 3061 de·

248 3098 349 3193 super
364 3095 536 3169 conluuie
547 3088 708 3188 expreile
718 3094 928 3165 continetur
941 3093 980 3162 iu
997 3092 1056 3165 die
1073 3093 1193 3172 obitus
1209 3092 1261 3167 sui
1280 3137 1288 3154 ·
1307 3101 1423 3169 xxxix
1433 3102 1463 3173 ἔ.
1475 3102 1525 3197 iiij
1544 3100 1581 3175 (i

247 3211 405 3282 fundatio
421 3230 485 3302 per
498 3205 741 3278 venerabilem
754 3206 872 3276 virum
890 3200 1100 3299 magistrum
1111 3205 1364 3281 Alexandrum
1381 3210 1581 3310 Gallouaye

249 3326 419 3395 restorem
437 3344 459 3392 a
476 3317 630 3390 Kinkell
648 3331 689 3389 vt
714 3312 793 3411 post
808 3318 903 3389 inira
920 3358 928 3375 ·
948 3317 993 3388 de
1019 3317 1143 3390 oroftie
1166 3318 1341 3391 diuorum
1368 3325 1579 3398 vicariomm

249 3459 343 3507 nuno
360 3433 513 3506 Dauidis
527 3430 652 3524 Quhyt
669 3431 707 3500 in
720 3428 921 3501 leudiiirma
947 3430 1084 3501 voeatis
1111 3428 1241 3526 Grynia
1267 3434 1390 3506 eruitis
1407 3438 1445 3507 in
1463 3437 1581 3533 Futye

247 3548 447 3620 iacentibus
464 3584 472 3601 ·
500 3544 561 3636 qui
578 3542 669 3636 obijt
686 3564 781 3613 anno
799 3540 948 3612 Domini
965 3561 1114 3613 mnxv.
1133 3539 1286 3637 Parisrjs.

297 3769 487 3841 Dominioa
503 3768 618 3861 prima
634 3760 714 3859 post
730 3761 862 3836 festum
880 3766 1056 3839 trinitatis
1081 3765 1361 3843 anniuersarium
1378 3796 1444 3867 pro
1461 3777 1581 3850 anima

248 3877 404 3979 magistri
421 3879 555 3952 Adami
574 3877 748 3951 Gordoun
775 3876 862 3949 olim
885 3879 1032 3950 remoris
1057 3902 1080 3951 a
1104 3878 1258 3956 Kinkell
1275 3881 1326 3980 iiij
1345 3884 1407 3958 lin.
1434 3910 1461 3958 x
1477 3891 1507 3961 ἓ.
1534 3890 1580 3961 de

248 3996 369 4069 emitis
399 3993 575 4064 ‹liliomm
601 3991 814 4063 vicariorum
841 3990 977 4063 voeatis
1004 3990 1086 4086 Fyll
1111 4000 1157 4083 pe
1182 4016 1249 4089 cop
1274 3997 1371 4091 apud
1397 3998 1434 4094 ly
1463 4002 1583 4073 thenis

249 4111 347 4203 brige
376 4102 580 4179 iacentibus
609 4125 706 4175 nuno
735 4104 773 4173 in
800 4102 967 4175 manibus
997 4082 1155 4198 magistri
1183 4106 1358 4182 Johannis
1386 4110 1582 4186 Gordoune

248 4214 430 4315 burgensis
456 4215 501 4290 de
518 4213 684 4287 Abirden
702 4254 710 4272 ·
730 4214 792 4308 qui
817 4210 909 4311 obijt
935 4238 1031 4287 anno
1060 4214 1207 4293 Domini
1232 4240 1399 4295 movim.
1425 4223 1580 4298 seeundo

248 4354 358 4403 nonne
375 4328 536 4424 Aprilis·
