4050 5534
245 647 354 742 xun]
718 651 1125 726 ABERDONENSE.
1548 665 1595 729 33

243 957 432 1141 LllssXIII.
460 959 565 1044 Quod
596 962 729 1053 periuri
759 963 798 1033 in
823 963 1082 1034 matrimoniali
1108 960 1214 1035 causa
1239 966 1410 1036 mittendi
1438 963 1594 1038 suntad

243 1093 288 1163 ep
317 1094 476 1165 oopum·

243 1292 338 1364 Item
365 1291 543 1366 statutum
570 1318 593 1367 a
618 1290 862 1388 predecessore
891 1292 1012 1368 nostro
1039 1298 1178 1368 editum
1209 1300 1416 1371 innonando
1441 1301 1592 1371 firmiter

242 1404 471 1497 prohibemus
489 1430 535 1477 ne
552 1403 737 1500 presbyter
761 1406 974 1500 parochialis
999 1408 1157 1500 aliquem
1173 1411 1212 1480 in
1230 1406 1343 1481 causis
1367 1415 1591 1483 matrimoni-

242 1515 356 1586 ahbns
374 1525 439 1588 aut
455 1518 535 1610 alijs
553 1517 750 1610 spontanee
775 1519 999 1611 peierantem
1017 1522 1060 1593 ad
1081 1517 1336 1593 conseillonem
1353 1520 1519 1616 suscipiat
1536 1522 1590 1595 set

241 1649 365 1699 omnes
391 1629 484 1700 tales
508 1630 554 1701 ed
579 1626 737 1702 nostram
763 1627 984 1722 presenciam
1003 1634 1151 1704 veniant
1174 1635 1316 1706 anobis
1340 1637 1588 1727 penetentiam

242 1742 422 1833 recepturi
437 1780 445 1796 ·

541 1961 750 2034 LXXIIII.
776 1962 835 2036 De
852 1966 1016 2058 exequijs
1032 1976 1256 2038 mortuorum
1274 2008 1282 2024 ·

241 2183 335 2256 Item
371 2186 417 2259 ad
450 2187 579 2258 funera
607 2195 646 2258 et
680 2184 867 2278 exsequias
900 2199 1126 2261 mortuorum
1160 2189 1335 2261 laicorum
1368 2201 1497 2262 cantus
1527 2193 1585 2262 vel

240 2297 385 2370 choreas
410 2299 488 2370 lieri
512 2298 744 2390 prohibemus
770 2322 854 2370 cum
880 2323 953 2370 non
975 2302 1102 2372 deceat
1120 2301 1166 2372 de
1183 2302 1336 2373 aliorum
1353 2301 1444 2373 fletu
1468 2303 1585 2374 ridere

240 2404 291 2479 set
307 2408 444 2481 ibidem
461 2409 587 2502 pocius
604 2410 650 2480 de
665 2408 868 2481 huiusmodi
885 2407 930 2481 sit
948 2411 1069 2484 dolere
1088 2453 1096 2469 ·

241 2628 404 2702 LXXV.
421 2629 528 2716 Quod
547 2630 644 2704 luae
662 2641 701 2704 et
717 2632 794 2704 ludi
812 2656 885 2704 non
898 2633 988 2706 siant
1005 2636 1044 2707 in
1062 2631 1220 2728 ecclefijs
1237 2659 1305 2707 nec
1321 2637 1359 2733 in
1371 2636 1581 2732 cimiterijs·

239 2851 336 2924 Huic
368 2855 479 2925 etiam
509 2854 743 2947 prohibitioni
771 2855 942 2928 duximus
972 2859 1240 2930 admittendum
1268 2867 1308 2929 vt
1338 2861 1375 2929 in
1405 2860 1583 2952 aliquibus

237 2961 496 3038 sestiuitatibus
522 2966 616 3038 infra
640 2964 807 3038 ecclesias
824 2968 883 3038 vel
904 2970 1083 3040 cimiteria
1103 2964 1203 3040 lntie
1221 2968 1279 3039 rel
1306 2969 1381 3039 ludi
1400 2973 1445 3041 de
1461 2981 1582 3043 cetero

236 3075 311 3147 fieri
329 3099 403 3147 nou
419 3079 681 3171 permittantur
698 3079 811 3170 etqui
829 3090 887 3150 ter
903 3082 1065 3150 monitus
1078 3104 1099 3150 a
1112 3077 1295 3151 sacerdote
1312 3079 1382 3150 loci
1400 3082 1445 3153 ab
1462 3082 1582 3153 huius-

235 3189 333 3260 modi
360 3177 490 3260 oelsare
516 3189 675 3262 uoluerit
700 3187 873 3285 ingressus
899 3188 1048 3262 eoolefie
1073 3192 1311 3262 interdicatur
1336 3192 1455 3262 eidem
1479 3234 1487 3251 ·
1508 3193 1580 3278 Qui

235 3296 421 3393 suspensus
442 3324 464 3372 a
484 3297 546 3372 sus
570 3299 768 3374 insolencia
792 3326 864 3373 non
891 3299 1069 3374 destiterit
1095 3305 1478 3375 excommunicationis
1503 3304 1581 3377 sen-

234 3414 354 3484 tencie
372 3412 569 3485 innodetur
586 3453 593 3468 ·

236 3632 420 3706 LXXVI.
439 3633 547 3720 Quod
563 3632 827 3707 sacramentum
841 3632 1054 3708 eucharistie
1067 3631 1142 3707 srne
1155 3634 1338 3708 oblatione
1352 3637 1556 3741 celebretur
1572 3684 1579 3700 ·

234 3855 330 3928 Item
361 3857 567 3928 audiuimus
592 3881 614 3929 a
637 3854 847 3950 quibusdam
875 3880 958 3929 cum
988 3859 1026 3928 in
1053 3858 1112 3936 die
1137 3856 1273 3930 Pascha
1296 3857 1422 3930 fideles
1447 3858 1580 3932 Christi

232 3965 408 4061 suscipere
426 3966 561 4039 debent
585 3965 797 4040 eucharistie
820 3967 1083 4040 sacramentum
1105 3970 1251 4060 quidam
1269 3968 1465 4063 presbyteri
1484 3975 1579 4064 quod

232 4078 399 4150 dolentes
424 4079 612 4151 referimus
636 4077 728 4149 illud
751 4075 908 4173 prestare
926 4079 1109 4174 denegant
1134 4082 1365 4173 impudenter
1390 4079 1455 4152 nisi
1481 4086 1580 4177 prius
1715 4097 1719 4103 ’

232 4189 436 4262 oblationes
460 4187 540 4262 snas
563 4198 651 4262 tunc
676 4193 861 4285 porrigant
879 4191 924 4262 ad
946 4191 1061 4263 altare
1079 4202 1116 4263 et
1134 4194 1262 4262 eodem
1289 4194 1347 4263 die
1373 4193 1580 4266 exactiones

233 4301 372 4371 faciunt
390 4325 412 4371 a
429 4301 529 4373 laicis
550 4324 679 4395 corpus
697 4298 830 4373 Christi
854 4312 1024 4374 tenentes
1046 4304 1085 4374 in
1102 4303 1327 4374 manibusue
1346 4300 1373 4373 ss
1390 4305 1553 4377 dicerent
1571 4347 1579 4366 ·

232 4410 330 4496 Quid
357 4412 446 4482 mihi
472 4412 584 4484 vultis
614 4414 699 4484 dare
729 4422 767 4485 et
794 4436 862 4508 ego
890 4437 974 4485 eum
1000 4416 1101 4485 vobis
1127 4415 1294 4485 tradam·
1314 4414 1422 4499 Quod
1451 4420 1581 4489 amodo

231 4522 310 4594 lieri
326 4522 559 4617 prohibemus
576 4521 642 4596 snb
659 4521 900 4597 obtestatione
918 4526 1034 4597 diuini
1055 4527 1176 4620 iudicij
1196 4523 1389 4599 districtius
1406 4569 1415 4585 ·
1433 4533 1582 4621 permit-

283 4654 366 4707 voa.
387 4654 428 4704 11.
893 4658 916 4708 n
