4050 5534
436 636 508 703 oss
631 578 635 589 ’
756 618 1064 698 auulsuuuu
1087 617 1494 695 maenomenon.

536 850 601 922 pro
631 824 747 899 salute
776 826 896 899 anime
923 824 1009 896 ditti
1036 816 1195 917 magistri
1223 820 1427 895 Alexandri
1450 832 1491 895 et
1514 824 1714 895 animarum
1737 827 1775 895 in

538 939 751 1013 fundatione
777 933 937 1009 eiusdem
960 932 1244 1029 specificatamm
1268 934 1424 1007 alterum
1440 957 1506 1028 pro
1521 937 1643 1009 anima
1665 959 1777 1029 quon·

539 1050 623 1122 dum
646 1049 779 1121 nobilis
796 1048 863 1119 viri
888 1042 1048 1142 magistri
1064 1045 1192 1119 Jaoobi
1209 1043 1344 1141 Ogilny
1360 1047 1542 1140 quondam
1566 1050 1678 1121 etiam
1702 1073 1776 1121 rea·

538 1162 627 1233 toris
644 1184 666 1233 a
682 1158 848 1254 Kynkell
866 1158 1161 1253 commendatarij
1180 1158 1226 1231 de
1242 1157 1437 1256 Dryburgb
1453 1169 1493 1233 et
1508 1184 1574 1255 pro
1590 1162 1775 1233 animabus

539 1276 578 1344 in
596 1274 692 1345 dioto
708 1272 922 1345 fundatione
939 1273 1157 1343 nominatis·

493 1386 563 1459 Pro
581 1386 711 1480 quibus
727 1384 927 1480 percipient
947 1384 1033 1456 didi
1050 1384 1174 1477 viearij
1192 1382 1238 1455 de
1253 1378 1437 1457 manfione
1453 1385 1539 1457 diei
1554 1386 1701 1457 redieris
1716 1408 1778 1479 per

441 1500 596 1573 eundem
607 1492 801 1591 conquesta
810 1504 849 1567 et
861 1494 1029 1567 edificata
1040 1517 1124 1568 eum
1140 1505 1221 1567 orto
1231 1506 1270 1567 et
1283 1496 1449 1568 domibus
1465 1494 1623 1569 eiusdem
1632 1494 1777 1593 singulis

441 1613 545 1687 annis
570 1612 603 1705 vj
630 1610 693 1683 lib.
719 1605 782 1705 xiij
810 1610 841 1681 i.
866 1604 917 1705 iiij
945 1604 981 1679 d.
1008 1610 1100 1680 eitra
1116 1630 1223 1680 vnum
1247 1630 1405 1680 maroam
1430 1609 1590 1683 debitam
1615 1610 1661 1682 de
1685 1611 1780 1682 didta

442 1719 623 1797 mansione
648 1723 694 1795 ab
719 1723 869 1814 antiquo
894 1715 1099 1813 impositam
1124 1728 1165 1792 et
1189 1720 1236 1791 de
1260 1722 1375 1795 cauda
1402 1719 1562 1793 eiusdem
1586 1718 1777 1795 mentionis

441 1834 518 1934 xxij
537 1838 567 1909 ii.
585 1836 705 1909 looata
720 1834 760 1905 iu
776 1830 980 1904 feudiiirma
995 1832 1134 1903 Thome
1150 1829 1326 1903 Armorar
1340 1842 1379 1905 et
1396 1833 1589 1906 heredibus
1604 1833 1676 1907 suia
1692 1876 1701 1891 ·
1728 1834 1777 1905 Et

442 1952 487 2021 de
501 1947 620 2022 Grinis
633 1946 757 2017 eroftia
774 1967 855 2016 oum
870 1940 1056 2016 mansione
1071 1953 1111 2015 et
1127 1944 1216 2016 ortis
1232 1946 1434 2017 iacentibus
1450 1946 1543 2018 infra
1558 1949 1778 2019 territorium

442 2062 488 2134 de
501 2059 597 2152 Futy
610 2054 670 2154 viij
686 2056 750 2129 lio.
787 2054 838 2128 Et
851 2056 897 2129 de
914 2056 1031 2128 orosto
1041 2056 1220 2129 iohannis
1237 2055 1427 2152 Collysone
1442 2059 1591 2131 iunioris
1604 2059 1650 2131 de
1664 2059 1780 2132 Aber-

442 2174 536 2246 dene
552 2194 603 2244 xx
621 2172 651 2243 i.
670 2179 710 2240 vt
727 2170 765 2242 in
782 2170 890 2241 oartis
908 2177 947 2239 et
964 2166 1160 2265 euidentijs
1184 2166 1334 2265 desuper
1352 2170 1524 2243 confodis
1540 2170 1650 2243 latius
1666 2176 1779 2244 eonti-
1869 2250 1875 2260 ,

442 2293 551 2357 netur
563 2304 647 2355 oum
660 2279 869 2375 supraditbis
881 2282 1022 2375 vicariJ'a
1034 2282 1305 2355 remanentibus
1317 2294 1356 2354 et
1367 2280 1563 2377 registratia
1575 2285 1621 2356 ad
1632 2284 1778 2379 longum

443 2396 547 2491 super
563 2395 772 2469 eorumdem
789 2390 938 2488 registro
956 2432 964 2449 ·

641 2504 793 2578 Summa
808 2503 931 2577 totalis
1008 2558 1016 2575 .
1118 2558 1126 2575 .
1201 2504 1263 2605 xvj
1281 2507 1344 2579 lib.
1361 2530 1412 2579 xv
1427 2509 1457 2581 i.
1474 2506 1526 2606 iiij
1546 2507 1581 2581 d.

494 2619 551 2691 De
576 2641 649 2711 qua
674 2615 812 2689 summa
836 2612 1000 2711 affignati
1026 2618 1087 2709 viij
1113 2619 1143 2691 ἔ.
1162 2616 1224 2715 viij
1251 2616 1287 2691 d.
1312 2644 1378 2713 pro
1394 2617 1653 2695 sustentatione
1678 2646 1779 2695 orna-

443 2742 651 2805 mentorum
681 2726 872 2821 supraditbi
906 2729 1029 2801 altaris
1054 2730 1130 2801 dini
1163 2731 1357 2804 Michaelis
1389 2755 1455 2827 per
1483 2734 1597 2807 dibtos
1630 2737 1779 2809 vicarios

444 2843 628 2939 perpetuis
644 2841 775 2913 futuris
792 2842 1015 2933 temporibus
1033 2882 1041 2901 ·
1060 2840 1111 2913 Et
1136 2840 1185 2915 sse
1209 2840 1346 2917 restant
1370 2843 1430 2942 x‘vj
1450 2846 1512 2919 lib.
1538 2844 1573 2945 vj
1603 2851 1632 2922 ἓ.
1659 2846 1720 2943 viij
1742 2846 1778 2919 d.

445 2956 615 3029 videlieet
639 2978 703 3050 pro
725 2947 824 3025 miffa
849 2953 1058 3045 quotidiana
1073 2976 1100 3027 x
1115 2954 1178 3028 lib.
1229 2954 1280 3027 Et
1296 2978 1361 3050 pro
1378 2957 1517 3032 duobus
1533 2960 1780 3055 anniuersarijs

445 3064 694 3251 ιιιιιςὲίὶιοιιιιιι
722 3064 850 3137 Jaoobi
877 3063 1012 3161 Ogiluy
1037 3075 1075 3139 et
1105 3065 1305 3141 Alexandri
1331 3068 1510 3166 Gallouay
1534 3070 1569 3169 vj
1596 3072 1659 3145 lib.
1685 3071 1719 3168 vj
1750 3076 1780 3145 ἓ.

445 3204 507 3279 ou
554 3232 562 3251 .
