4050 5534
265 643 374 740 xm]
480 625 482 630 ’
548 587 551 590 ’
733 646 1135 722 aaaaaoaaasa.
1519 647 1592 724 cea

263 843 490 940 diaconorum
517 845 659 918 suoram
681 854 721 918 et
745 847 894 940 capitali
920 846 1041 918 Sancti
1067 847 1220 921 Andree
1245 849 1481 922 amicabiliter
1506 873 1589 920 con·
1731 903 1734 908 -

262 960 362 1029 venit
373 999 382 1013 ·
395 958 564 1030 videlicet
576 958 671 1052 qaod
689 959 854 1029 dominae
871 957 1054 1054 episcopua
1071 959 1193 1034 Sanbti
1205 962 1353 1034 Andree
1366 955 1535 1033 concessit
1549 977 1588 1032 vt

259 1070 392 1163 hijdcm
422 1070 535 1142 lrildei
562 1073 606 1143 de
634 1081 754 1142 cetero
786 1093 895 1141 vnum
920 1064 1078 1144 habeant
1108 1075 1335 1146 resederium
1363 1095 1473 1145 vnum
1509 1074 1588 1144 dor-

260 1183 444 1254 mitorium
479 1191 517 1254 et
551 1205 662 1254 inam
696 1184 889 1253 oratoriam
920 1178 996 1254 siae
1031 1181 1200 1258 simitario
1230 1189 1282 1258 ita
1315 1180 1411 1280 qa'od
1441 1209 1588 1279 corpora

257 1294 460 1366 kildeorum
490 1304 529 1366 et
558 1293 768 1366 clericorum
798 1289 871 1365 fiae
899 1294 1071 1367 laicorum
1099 1322 1181 1370 cam
1208 1301 1259 1371 eis
1279 1299 1584 1390 ,commorantium

257 1408 295 1477 in
311 1404 483 1478 limiterio
499 1405 710 1500 parochialis
727 1403 876 1478 ecclesie
892 1406 938 1477 de
952 1407 1194 1505 Monymussre
1211 1407 1482 1484 ecclesiasticam
1497 1411 1586 1480 reci-

256 1521 358 1612 piant
374 1516 592 1614 sepulturam
617 1520 671 1589 ita
687 1517 799 1589 libere
816 1513 905 1590 licat
928 1518 999 1592 liuc
1017 1520 1124 1614 vsque
1141 1521 1257 1594 solent
1274 1521 1413 1616 sepeliri
1431 1519 1528 1593 saluo
1545 1523 1584 1591 in

255 1632 421 1704 omnibus
437 1633 515 1703 inre
531 1631 690 1725 matrieia
715 1626 862 1703 ecclesie
879 1671 887 1687 ·
913 1628 1031 1703 Erant
1048 1648 1171 1704 autem
1189 1636 1238 1704 ibi
1263 1635 1452 1705 duodecim
1469 1632 1583 1704 kildei

255 1754 293 1816 et
318 1745 478 1816 decimus
510 1744 641 1814 tertius
674 1746 744 1814 erit
775 1743 916 1814 Bricius
946 1759 1054 1837 quem
1088 1742 1153 1839 ipsi
1182 1746 1295 1818 kildei
1323 1742 1581 1839 presentabant

255 1857 400 1928 domino
416 1854 580 1950 episcopo
607 1852 728 1928 Sancti
749 1853 898 1927 Andree
923 1865 964 1926 vt
981 1852 1219 1952 sittmagister
1235 1869 1300 1930 aut
1313 1859 1412 1952 prior
1429 1879 1552 1928 eoram
1572 1897 1580 1912 ·

255 1968 309 2041 Eo
321 1978 445 2041 autem
462 1968 615 2040 cedente
640 1979 704 2040 aut
721 1968 920 2040 decedente
936 1964 1049 2040 kildei
1067 1970 1113 2042 de
1130 1970 1330 2042 conkildeis
1354 1967 1426 2040 sais
1443 1968 1579 2063 eligent

253 2083 392 2153 tresde
417 2082 598 2152 communi
624 2077 796 2152 consensu
813 2102 938 2150 eorum
955 2093 994 2150 et
1020 2104 1082 2153 eos
1107 2078 1269 2177 episcopo
1288 2082 1409 2154 Sancti
1432 2081 1579 2152 Andree

252 2195 455 2287 quicunque
471 2193 582 2264 suerit
598 2188 854 2285 presentabant
871 2201 911 2262 vt
926 2213 991 2284 pro
1008 2193 1197 2266 voluntate
1215 2204 1253 2266 et
1273 2190 1500 2288 dispositione
1518 2190 1580 2264 sua

251 2304 434 2400 episcopua
459 2305 581 2376 Sanan
607 2302 755 2375 Andree
779 2304 825 2374 de
849 2304 964 2376 tribue
987 2299 1139 2377 assumat
1166 2329 1276 2378 vnum
1293 2308 1355 2399 qai
1380 2307 1577 2398 prioratum

180 2484 187 2500 ,
251 2418 324 2490 liae
340 2413 582 2512 magisterium
599 2416 731 2488 habeat
748 2425 788 2488 et
804 2415 922 2487 eidem
939 2425 1110 2509 tanquam
1125 2420 1305 2490 fundatori
1319 2420 1446 2490 domus
1462 2417 1578 2489 kilde·

250 2554 351 2603 oram
368 2529 582 2601 fidelitatem
605 2529 714 2600 faciet
732 2569 740 2586 ·
759 2537 797 2600 et
814 2529 852 2597 in
870 2525 1047 2600 electione
1067 2531 1193 2623 prioris
1210 2529 1268 2601 vel
1286 2525 1443 2624 magistri
1460 2529 1576 2601 kilde-

250 2666 351 2714 oram
364 2645 417 2714 ita
433 2643 496 2713 liet
508 2680 516 2699 ·
530 2642 598 2712 hoc
612 2641 750 2712 adiecto
768 2640 862 2731 quod
876 2661 949 2710 non
963 2640 1087 2713 licebit
1100 2639 1232 2714 eisdem
1245 2642 1376 2714 kildeie
1389 2644 1501 2714 vitani
1514 2638 1576 2714 sen

248 2757 407 2827 ordinem
434 2752 688 2824 monachorum
707 2751 765 2822 vel
791 2751 1043 2823 canonicorum
1061 2755 1278 2850 regularium
1304 2750 1378 2826 sine
1406 2750 1577 2826 consensu

247 2864 355 2962 ipsias
383 2862 535 2960 episcopi
564 2863 622 2936 vel
646 2858 881 2936 successorum
906 2859 1047 2936 suorum
1077 2866 1211 2938 ibidem
1237 2867 1397 2960 profiteri
1426 2869 1464 2937 in
1498 2891 1576 2960 per·

243 2989 397 3075 petuam
434 2999 551 3070 neque
584 2997 775 3047 numeram
799 2975 1003 3046 kildeorum
1037 2980 1328 3071 prenominatum
1363 2981 1573 3052 excedere·

180 3099 189 3120 ⁶
242 3093 408 3166 Cedente
439 3112 523 3161 vero
548 3098 612 3160 aut
646 3088 847 3160 decedente
872 3085 992 3179 aliquo
1020 3088 1223 3162 kildeorum
1256 3089 1369 3163 libere
1402 3101 1574 3185 potemnt·

246 3206 357 3278 aliam
381 3197 596 3274 substituere
611 3197 720 3294 vsqae
747 3221 939 3270 numeram
972 3203 1262 3292 prenominatum
1292 3203 1345 3274 ita
1371 3204 1467 3296 qaod
1493 3205 1570 3296 qui-

246 3319 336 3391 libet
352 3315 496 3387 kildena
512 3310 677 3406 presente
694 3308 859 3406 episcopo
877 3310 997 3384 Sancti
1014 3312 1163 3385 Andree
1179 3312 1238 3384 vel
1256 3338 1299 3385 eo
1322 3317 1384 3407 qai
1408 3338 1473 3408 per
1489 3338 1572 3388 eum

245 3431 384 3504 adhoc
408 3429 518 3500 tiierit
547 3428 744 3520 deputatae
768 3427 901 3497 iurabit
928 3423 1024 3518 quod
1053 3426 1249 3518 predictam
1280 3424 1572 3521 compositionem

244 3543 400 3616 fideliter
419 3536 493 3612 sine
511 3538 593 3610 dolo
619 3542 658 3610 et
674 3536 770 3610 molo
795 3539 941 3632 ingenio
966 3549 1139 3630 quantum
1166 3537 1203 3606 ia
1230 3560 1272 3608 eo
1296 3538 1365 3609 erit
1390 3535 1571 3611 lbrnabit·

245 3654 401 3730 Prediei
427 3675 510 3724 vero
536 3652 649 3723 kildei
675 3650 860 3722 dimidiam
890 3659 1093 3722 carucatam
1124 3658 1219 3721 terre
1250 3645 1572 3744 Eglismoaychook

244 3771 390 3841 nomine
406 3788 513 3859 qaam
530 3786 576 3836 ex
594 3762 788 3834 donatione
807 3759 958 3833 Roberti
976 3759 1070 3832 bone
1087 3761 1259 3832 memorie
1276 3757 1430 3854 episcopi
1448 3760 1571 3834 Sancti

244 3880 392 3953 Andree
408 3879 613 3949 habuerunt
625 3875 715 3946 adeo
731 3873 844 3945 libere
860 3874 1002 3968 integre
1020 3882 1058 3943 et
1074 3873 1197 3965 quiete
1214 3883 1254 3943 vt
1272 3872 1425 3944 eandem
1440 3897 1462 3945 a
1479 3884 1570 3945 tem-

243 4017 328 4088 pore
347 3988 504 4064 eiusdem
515 3984 669 4082 episcopi
687 3984 795 4079 vique
812 3985 943 4057 adlice
961 3994 1123 4078 tempora
1138 3980 1367 4078 possederant
1385 3984 1430 4056 de
1447 3994 1568 4058 cetero

243 4100 469 4200 poffidebant
490 4102 527 4173 in
553 4107 769 4193 perpetuam
786 4136 794 4154 ·
812 4096 998 4168 habebunt
1020 4098 1129 4168 etiam
1158 4111 1321 4188 quartam
1344 4107 1485 4190 partem
1509 4099 1570 4171 ob-

244 4218 455 4290 aentionum
477 4236 547 4307 qne
570 4213 609 4283 in
632 4211 813 4283 communi
832 4209 1066 4280 confematar
1080 4207 1212 4280 kildeie
1235 4207 1373 4281 clericis
1389 4205 1514 4303 spersie
1531 4223 1570 4282 et

242 4329 350 4402 ferdia
366 4326 412 4399 ab
428 4326 495 4419 bijo
512 4327 575 4418 qai
591 4324 725 4395 ibidem
750 4321 970 4416 sepulturam
995 4320 1163 4415 eligerint
1187 4329 1225 4390 et
1238 4331 1389 4412 *partem
1414 4343 1485 4414 que
1507 4342 1570 4394 eos

242 4439 419 4534 contingit
435 4438 481 4508 de
497 4435 679 4509 communi
697 4430 890 4506 elemosina
906 4455 976 4525 que
994 4432 1125 4504 dicitur
1136 4430 1365 4503 saaohbarian
1379 4441 1417 4503 et
1429 4441 1568 4526 partem

242 4576 311 4648 que
327 4573 390 4623 eoa
405 4545 584 4644 contingit
601 4548 647 4618 de
670 4545 843 4619 beneficio
868 4544 963 4638 qaod
989 4543 1122 4616 dicitur
1137 4543 1335 4616 tlionneom
1351 4543 1569 4618 thraumand

286 4683 370 4737 roa.
388 4682 430 4734 11.
884 4663 906 4730 2
924 4675 948 4729 a
