4050 5534
431 679 476 746 22
947 667 1253 742 REGIS'I'RUM
1621 670 1776 767 [ancum

431 871 587 965 aliquem
614 871 716 944 nobis
746 871 825 942 iure
852 866 1051 963 dyocesano
1075 865 1260 940 subditum
1283 865 1503 941 sentenciam
1528 873 1777 942 exeommuni-

432 985 583 1058 cationis
609 984 655 1056 ob
679 983 836 1076 aliquam
863 979 1005 1054 causum
1030 979 1281 1054 rationabilem
1308 989 1347 1054 et
1374 980 1593 1076 legittimam
1616 981 1777 1077 promul·

432 1099 573 1191 gauerit
596 1109 634 1168 et
660 1096 812 1168 eandem
836 1093 945 1168 elicui
972 1093 1134 1166 nostrum
1161 1093 1434 1166 demandauerit
1458 1093 1712 1188 publicandam
1737 1105 1776 1168 et

434 1208 720 1280 demandandum
733 1205 887 1299 quilibet
904 1203 1066 1278 nostrum
1083 1229 1162 1278 eam
1179 1204 1356 1299 persuam
1369 1201 1548 1299 dyocesim
1560 1207 1670 1280 faciat
1685 1209 1777 1302 pub-

435 1320 535 1394 licari
552 1329 591 1392 et
607 1316 721 1414 ipsum
741 1317 1014 1412 delinquentem
1039 1318 1236 1390 denunciat
1261 1320 1616 1391 excommunicatum
1632 1329 1672 1392 et
1688 1329 1777 1392 eud·

436 1434 519 1505 dem
544 1427 803 1528 perseipsum
830 1441 1001 1524 tanquam
1028 1433 1383 1503 excommunicatum
1408 1431 1526 1502 euitet
1542 1440 1582 1504 et
1598 1443 1776 1524 quatenus

436 1547 474 1618 in
492 1568 535 1618 eo
553 1542 605 1618 est
623 1545 669 1617 ab
685 1543 764 1639 alijs
789 1545 897 1616 faciat
923 1543 1052 1616 euitari
1068 1579 1078 1598 ·
1095 1553 1134 1614 et
1151 1538 1177 1612 sr
1195 1543 1278 1614 talia
1303 1544 1637 1616 excommunicatur
1658 1545 1697 1616 in
1713 1542 1776 1616 sua

437 1659 634 1753 pertinacia
668 1679 732 1750 per
764 1656 1001 1752 quadraginta
1035 1655 1110 1726 dies
1148 1653 1270 1726 claues
1302 1651 1452 1726 ecclesie
1485 1656 1776 1750 contempnendo

438 1773 557 1844 animo
583 1765 863 1864 perseuerauerit
888 1768 1056 1840 indurato
1076 1778 1116 1838 et
1138 1767 1233 1838 idem
1259 1769 1593 1840 excommunicator
1615 1792 1662 1840 ex
1687 1779 1776 1843 tuuc

439 1893 552 1954 terras
576 1877 685 1975 ipsius
710 1881 1013 1952 excommunicati
1038 1882 1078 1951 in
1103 1876 1242 1974 dyocesi
1267 1878 1331 1952 sua
1352 1875 1437 1952 sutas
1453 1889 1492 1952 et
1514 1879 1595 1954 loca
1618 1903 1778 1975 perque

440 1990 619 2066 transierit
648 2001 687 2064 et
715 2015 781 2086 per
808 1993 970 2064 triduum
997 2001 1037 2064 et
1065 1990 1220 2085 amplius
1248 1993 1286 2063 in
1316 1989 1450 2064 eisdem
1479 1993 1607 2064 iecerit
1638 2015 1776 2065 moram

439 2102 675 2180 ecclesiastico
708 2103 930 2200 supposuerit
968 2104 1160 2177 interdicto
1194 2113 1232 2176 et
1266 2105 1361 2177 idem
1400 2106 1631 2177 interdictum
1669 2105 1777 2179 elicui

440 2216 640 2290 nostrorum
670 2217 942 2290 demandauerit
971 2215 1265 2311 publicandum·
1293 2216 1446 2308 quilibet
1474 2213 1636 2290 nostrum
1664 2229 1778 2291 terras

439 2332 597 2404 eiusdem
626 2330 930 2402 excommunicati
960 2329 999 2399 iu
1026 2323 1156 2401 diocesi
1183 2325 1247 2400 sua
1272 2323 1357 2400 sitas
1385 2327 1562 2422 supponat
1586 2331 1778 2404 interdidto

439 2441 622 2538 quousque
644 2465 708 2535 per
725 2442 879 2512 eundem
906 2442 1294 2512 excommunicatorem
1319 2441 1414 2512 diue
1438 2438 1620 2514 sentencie
1644 2444 1779 2517 fuerint

440 2556 601 2630 relaxate
614 2591 622 2610 ·
636 2553 715 2625 loca
727 2576 811 2624 vero
829 2574 977 2646 perque
994 2548 1175 2624 transierit
1189 2563 1227 2623 et
1240 2553 1413 2644 quamdiu
1429 2553 1479 2624 ibi
1497 2577 1634 2626 moram
1651 2556 1778 2628 iecerit

440 2666 603 2738 similiter
619 2660 881 2737 execlefiastico
899 2661 1077 2757 supponat
1093 2664 1285 2736 interdicto
1302 2703 1311 2722 ·
1326 2663 1383 2736 Vt
1399 2673 1522 2737 tamen
1539 2668 1638 2762 regie
1653 2668 1779 2741 maies-

441 2781 510 2852 tati
527 2778 671 2850 debitus
696 2778 811 2849 honor
827 2777 1013 2850 disseratur
1030 2772 1057 2846 s1
1075 2778 1170 2849 idem
1195 2778 1585 2851 excommunicatoria
1602 2783 1778 2854 comitatu

440 2892 576 2963 domini
598 2890 709 2986 Regia
729 2888 787 2962 vel
814 2889 955 2985 Regino
981 2889 1155 2961 consortia
1179 2885 1242 2960 sue
1265 2891 1466 2962 communia
1491 2895 1778 2989 congregationis

440 2971 548 3098 ipsine
575 3004 676 3098 regni
697 3011 907 3098 magnatum
934 3002 1100 3074 extiterit
1124 3009 1213 3073 tune
1231 2998 1449 3095 dyocesanua
1472 3002 1543 3075 loci
1564 3005 1630 3098 eija
1654 3003 1778 3099 perse

441 3117 499 3188 vel
533 3139 599 3210 per
631 3115 742 3187 alium
773 3113 884 3186 talem
913 3109 983 3186 esse
1017 3115 1371 3186 excommunicatum
1406 3116 1602 3187 denunciet
1635 3116 1778 3190 eosdem

440 3229 611 3302 canonice
628 3227 832 3298 inducendo
849 3235 889 3296 vt
906 3224 1023 3320 ipsum
1039 3227 1393 3298 excommunicatum
1409 3251 1432 3298 a
1448 3224 1512 3300 sua
1526 3231 1779 3304 communione

440 3339 618 3434 repellant
632 3349 670 3410 et
684 3340 826 3410 enitent
840 3347 878 3410 et
891 3361 913 3409 a
925 3335 996 3409 suia
1013 3339 1148 3410 iaciant
1165 3339 1294 3409 euitari
1308 3377 1317 3395 ·
1331 3337 1489 3431 alioquin
1507 3363 1590 3411 cum
1604 3335 1668 3413 libi
1682 3342 1782 3414 vide-

440 3463 549 3526 antur
573 3452 695 3522 fauere
713 3453 773 3543 qui
791 3445 978 3522 manifesto
1004 3451 1153 3522 facinori
1180 3449 1372 3545 negligunt
1396 3451 1542 3524 obuia're
1564 3453 1660 3524 idem
1678 3453 1779 3528 locua

440 3587 505 3659 per
521 3560 748 3635 diocesanum
766 3556 1004 3632 ecclesiastico
1020 3557 1239 3654 supponatur
1261 3563 1452 3634 interditto
1468 3573 1593 3636 tamen
1611 3563 1722 3661 Regia
1739 3577 1779 3640 et

441 3675 583 3771 Regino
606 3673 871 3764 liberorumque
893 3668 1038 3744 suorum
1061 3673 1256 3768 capellania
1278 3677 1317 3748 in
1340 3673 1403 3748 sua
1423 3676 1601 3772 dignitate
1624 3678 1780 3752 feliciter

441 3788 621 3860 duraturis
640 3829 648 3846 ·
666 3795 705 3858 et
722 3794 762 3857 vt
779 3786 922 3856 diuinus
940 3785 1050 3858 timor
1074 3789 1273 3860 incutiatur
1288 3787 1417 3860 fortius
1438 3785 1627 3860 obstinatia
1650 3795 1697 3865 ad
1717 3816 1780 3865 ex·

441 3900 786 3972 communicatorum
804 3895 1030 3969 insolentiam
1044 3899 1312 3993 reprimendum
1327 3894 1504 3972 sineceffe
1516 3901 1627 3972 suerit
1643 3902 1778 3998 brachij

440 4012 606 4086 secularis
623 4008 798 4082 auxilium
815 4019 922 4102 prout
939 4009 1199 4084 catholicorum
1220 4033 1347 4106 regum
1364 4011 1586 4104 temporibus
1601 4012 1678 4084 fieri
1694 4039 1780 4089 oon·

439 4125 557 4197 sueuit
582 4132 621 4194 et
647 4123 691 4194 de
717 4123 795 4194 iure
821 4121 948 4194 debuit
972 4123 1164 4196 inuocetur
1181 4163 1190 4180 ·
1209 4131 1248 4194 et
1273 4117 1299 4193 sr
1325 4120 1453 4216 aliquia
1478 4119 1637 4196 nostrum
1659 4125 1780 4222 aliqua

439 4238 591 4310 leuitate
620 4234 666 4307 ab
696 4228 933 4306 ecclesiastica
958 4243 996 4306 et
1023 4235 1146 4307 diuina
1175 4232 1425 4308 obseruatione
1451 4233 1630 4310 recesserit
1652 4239 1711 4312 vei
1739 4243 1777 4314 in

438 4349 558 4442 aliquo
588 4370 668 4418 eam
696 4347 901 4439 impedierit
927 4369 993 4440 per
1021 4345 1109 4419 sacri
1139 4342 1275 4442 confilij
1303 4347 1600 4422 deliberationem
1626 4352 1777 4426 fratrum

438 4460 582 4533 suorum
599 4467 708 4552 atque
725 4457 945 4552 prelatorum
964 4454 1119 4552 consulije
1135 4471 1256 4532 careat
1271 4458 1421 4531 aliorum
1438 4501 1448 4518 ·
