4050 5534
441 666 509 731 159
959 650 1267 726 REGISTRUM
1630 650 1787 747 [secum

440 860 549 930 Carta
567 858 769 929 donationis
785 852 953 927 siluarum
969 862 1007 925 et
1021 852 1172 925 aliarum
1189 850 1401 925 libertatum
1416 862 1513 924 terre
1526 853 1572 923 de
1586 851 1788 924 Galcbole·
1889 876 1892 882 ·

440 970 552 1042 Carta
570 970 689 1041 Dauid
708 970 803 1063 regis
820 966 1013 1039 Scotorum
1031 964 1136 1059 super
1153 975 1267 1035 terras
1284 966 1330 1037 de
1347 964 1526 1037 Galcbole
1543 1005 1552 1021 ·

441 1082 650 1177 capellanie
669 1082 819 1153 fundate
836 1102 900 1173 per
921 1078 1124 1149 Robertum
1142 1077 1188 1147 de
1206 1076 1326 1149 Ketbt
1343 1074 1584 1150 mariscallum
1601 1077 1730 1149 Scotie
1746 1079 1784 1145 in

492 1190 641 1267 ecclesia
658 1191 856 1266 cathedrali
874 1192 920 1263 de
938 1190 1135 1261 Aberdene
1153 1230 1161 1245 ·

442 1308 677 1380 Confirmatio
704 1306 855 1377 Roberti
882 1306 983 1375 ducis
1008 1302 1168 1373 Albanio
1191 1303 1442 1396 gubernatoris
1459 1302 1584 1375 Sootie
1611 1303 1659 1373 de
1684 1303 1792 1373 diuis

493 1419 700 1514 capellanijs
715 1430 752 1489 et
766 1418 836 1490 alie
847 1416 970 1487 littere
988 1412 1128 1486 diuerse
1141 1411 1344 1507 spedantes
1354 1415 1399 1487 ad
1417 1415 1529 1487 distas
1545 1413 1768 1509 capellanias
1782 1456 1790 1470 ·

444 1534 644 1605 Indentura
672 1527 903 1623 anniuersarij
940 1524 1098 1623 magistri
1132 1524 1310 1599 Johannis
1345 1527 1482 1599 Carroo
1516 1550 1599 1597 cum
1634 1540 1794 1620 quatuor

495 1642 643 1741 sigillis·

444 1759 555 1829 Certe
572 1756 691 1829 Dauid
709 1757 804 1851 regis
822 1756 1014 1826 creationis
1032 1752 1077 1822 de
1096 1750 1126 1821 F
1127 1750 1269 1823 illortbt
1287 1753 1323 1823 in
1342 1754 1563 1847 prebendam
1582 1794 1591 1809 ·

447 1870 570 1941 Litora
586 1870 778 1941 creationis
796 1864 944 1937 ecclesie
962 1866 1007 1935 de
1024 1862 1171 1935 Turreff
1187 1865 1224 1935 in
1242 1866 1461 1959 prebendam
1479 1904 1488 1921 ·

446 1982 555 2053 Carta
573 1974 983 2052 donationis-mansionis
1002 1976 1047 2047 de
1066 1976 1339 2071 Iouernochty·

447 2095 596 2167 Statuta
612 2092 762 2185 capituli
780 2114 863 2162 cum
882 2086 996 2183 sigillo
1012 2086 1170 2159 eiusdem
1190 2128 1198 2145 ·

408 2222 412 2231 '
446 2206 596 2278 Statuta
614 2204 760 2276 Ricardi
778 2201 933 2296 episcopi
952 2196 1221 2271 Aberdouensls
1239 2242 1247 2257 ·

447 2320 597 2390 Statuta
610 2318 708 2387 Petri
728 2314 881 2409 episcopi
896 2307 1166 2385 Aberdonenfis
1177 2309 1244 2384 sub
1257 2309 1372 2409 sigillo
1385 2312 1544 2387 eiusdem
1561 2327 1600 2388 et
1617 2318 1797 2413 capituli·

448 2430 572 2501 Litera
583 2428 862 2501 renuntiationis
877 2420 1050 2497 comitisse
1062 2426 1107 2495 de
1118 2423 1327 2519 Gamyaoht
1340 2437 1378 2497 et
1391 2423 1629 2501 restitutionis
1640 2428 1799 2503 ecclesie

498 2536 765 2613 Aberdonensrs
783 2540 828 2609 de
846 2538 950 2609 terris
966 2536 1011 2606 de
1029 2535 1184 2607 Ardlare
1202 2578 1210 2594 ·

448 2654 683 2726 Confirmatio
702 2652 844 2723 comitis
862 2652 907 2721 de
926 2648 1030 2719 Marr
1046 2649 1091 2718 de
1109 2650 1214 2721 terris
1232 2650 1277 2721 de
1295 2650 1450 2723 Ardlare
1467 2666 1506 2723 et
1522 2652 1706 2747 'l'oqubire
1724 2695 1733 2711 ·

449 2762 640 2857 Inquisitio
659 2762 838 2834 Willelmi
858 2764 902 2833 de
919 2760 1069 2832 Tulidef
1081 2760 1126 2831 de
1145 2760 1350 2834 Lentuscbe
1368 2772 1407 2835 et
1424 2762 1619 2838 Rothmase
1637 2808 1645 2823 ·

449 2878 560 2950 Carta
577 2878 711 2948 domini
731 2877 775 2947 de
795 2874 933 2945 Melros
951 2876 996 2945 de
1013 2872 1194 2964 Toqubire
1212 2913 1220 2929 ·

450 2990 575 3061 Litora
587 2988 937 3081 quicteclamationis
955 2984 1148 3057 Farcbardi
1167 2984 1411 3078 M⁰Kyntocbi
1430 2988 1475 3059 de
1493 2990 1597 3059 terris
1615 2990 1661 3061 de
1680 2990 1800 3065 Bras-

447 3102 534 3173 'lres
554 3103 675 3172 littere
692 3109 922 3193 patronorum
942 3093 1092 3170 ecclesie
1110 3099 1155 3169 de
1173 3096 1335 3169 Rotbfen
1352 3099 1399 3170 de
1415 3102 1596 3173 creatione
1609 3105 1800 3195 prebende

500 3214 656 3284 eiusdem
680 3212 815 3283 scilicet
839 3212 962 3283 littera
985 3212 1123 3281 domini
1148 3210 1260 3305 Regis
1281 3208 1437 3305 episcopi
1457 3210 1568 3283 sandi
1586 3214 1740 3303 Andree
1758 3228 1800 3289 et

499 3324 653 3419 episcopi
671 3318 938 3395 Aberdonenfis
956 3364 964 3381 ·

453 3440 549 3509 Item
568 3448 669 3509 carta
694 3437 884 3507 creationis
902 3433 1060 3506 eiusdem
1086 3458 1169 3506 cum
1193 3436 1333 3507 duobus
1357 3432 1481 3531 srgdllis
1506 3436 1640 3510 scilicet
1657 3440 1801 3514 domini

499 3548 654 3645 episcopi
674 3560 711 3620 et
730 3548 879 3641 capituli
897 3557 935 3619 et
953 3544 1272 3641 subscriptionibus
1289 3550 1542 3620 canonicorum
1561 3590 1569 3607 ·

451 3664 545 3735 Item
573 3662 678 3733 litera
697 3660 888 3732 creationis
906 3660 951 3729 de
970 3654 1191 3754 Monymullr
1209 3660 1247 3730 in
1264 3660 1486 3753 prebendam
1512 3686 1596 3732 curn
1620 3662 1801 3739 consensu

498 3774 635 3846 domini
653 3770 808 3866 episcopi
826 3770 934 3842 sancti
952 3770 1128 3843 Andree·

449 3888 573 3958 Litera
590 3884 871 3956 confirmationis
891 3882 936 3954 de
954 3884 1080 3955 tabula
1105 3908 1170 3978 per
1194 3886 1379 3955 dominum
1407 3883 1640 3980 Ingeramum
1658 3887 1801 3981 episco-

497 4022 583 4093 pum
602 3992 919 4068 Aberdonensem·

447 4113 646 4184 Decretum
681 4110 777 4179 inter
808 4103 1012 4201 episcopum
1040 4106 1336 4179 Aberdonensem
1362 4130 1408 4179 ex
1435 4130 1507 4179 rna
1530 4120 1571 4180 et
1604 4112 1800 4188 dominum

497 4224 692 4318 Hugonem
721 4220 765 4291 de
785 4220 928 4313 Wellys
957 4221 1128 4291 vicarium
1154 4220 1200 4291 de
1227 4220 1314 4316 Nyg
1338 4230 1441 4313 parte
1468 4244 1516 4291 ex
1541 4221 1656 4295 altera
1682 4226 1731 4297 de
1757 4243 1801 4301 et

497 4334 602 4427 super
618 4330 773 4425 piscibus
791 4332 1027 4403 decimalibus
1044 4356 1091 4403 ex
1108 4342 1211 4425 parte
1228 4330 1373 4404 australi
1392 4332 1438 4403 de
1456 4332 1561 4404 Dee·

449 4447 573 4519 Litera
583 4442 833 4517 testimonialia
846 4444 980 4515 domini
994 4443 1194 4517 Alexandri
1212 4446 1258 4517 de
1269 4444 1436 4539 Iruwyne
1453 4446 1579 4518 militis
1597 4448 1798 4527 desursum

496 4556 698 4627 redditione
715 4555 760 4627 de
779 4554 980 4647 Dulmayoc
998 4562 1037 4626 et
1056 4556 1296 4629 Petbrecbarc
1315 4596 1323 4614 ·
