4050 5534
453 632 524 701 818
985 618 1291 695 REGISTRUM
1567 624 1794 720 [aranumx.

455 824 562 899 classa
578 823 776 897 cathedrali
801 816 1042 893 constituatur
1058 842 1150 891 vnus
1172 819 1355 916 theologie
1380 822 1504 895 dodor
1528 828 1648 897 autin
1666 828 1791 899 eadem

457 940 664 1011 licentiatus
680 938 743 1029 qui
767 930 873 1029 poffit
890 932 1041 1005 verbum
1063 932 1121 1005 dei
1147 930 1281 1027 populo
1298 934 1481 1027 predicare
1499 976 1507 995 ·
1528 935 1567 1007 N
1568 960 1608 1008 os
1624 960 1710 1009 vero
1728 978 1737 995 ·
1755 978 1764 995 ·
1783 981 1791 997 ·

456 1048 648 1124 discretum
659 1050 777 1119 virum
789 1042 998 1142 magistrum
1010 1042 1191 1117 Joannem
1199 1042 1377 1118 Watsoun
1389 1048 1426 1119 in
1437 1044 1545 1121 sacris
1557 1048 1672 1121 literis
1684 1050 1795 1123 licen·

457 1166 590 1236 tiatum
603 1172 777 1255 tanquam
789 1159 961 1230 idoneum
978 1166 1017 1229 et
1034 1156 1193 1229 habilem
1204 1166 1314 1252 prout
1330 1180 1395 1229 nos
1408 1162 1659 1254 experimento
1672 1164 1794 1235 didici·

458 1298 539 1347 mus
550 1275 594 1347 ad
609 1271 862 1366 exequendum
879 1264 1046 1363 premilla
1056 1270 1093 1339 in
1106 1270 1320 1341 canonicum
1331 1279 1370 1343 et
1380 1273 1597 1345 confratrem
1616 1314 1624 1331 ·
1644 1314 1652 1329 ·
1672 1314 1681 1333 ·
1699 1296 1795 1347 rece·

457 1390 576 1484 pimus
593 1427 602 1443 ·
622 1426 630 1443 ·
649 1426 658 1443 ·
676 1408 719 1457 ac
737 1380 763 1455 sr
779 1381 1000 1476 prebendam
1018 1382 1055 1451 in
1073 1380 1168 1453 diua
1179 1378 1300 1455 nostra
1316 1379 1464 1455 ecclesia
1482 1406 1564 1457 curn
1582 1388 1796 1459 canonicatu

459 1496 728 1571 contulillemua
744 1532 754 1551 ·
769 1534 778 1553 ·
795 1532 805 1550 ·
822 1516 906 1566 cum
923 1514 1013 1565 voce
1029 1493 1147 1565 cerua
1162 1503 1201 1564 et
1218 1488 1353 1588 palliua
1379 1498 1417 1567 in
1447 1496 1607 1591 capitulo
1625 1538 1633 1555 ·
1653 1538 1661 1555 ·
1681 1540 1689 1557 ·
1709 1522 1796 1591 qno-

459 1610 569 1704 usque
586 1649 595 1667 ·
614 1650 623 1667 ·
641 1649 651 1667 ·
669 1610 716 1681 de
732 1607 916 1703 prebenda
931 1605 1114 1678 antedicto
1140 1600 1288 1677 ecclesie
1319 1602 1493 1702 alligante
1519 1608 1688 1705 theologo
1718 1632 1797 1704 pre·

458 1725 535 1796 fato
561 1718 730 1817 magistro
754 1716 889 1791 Joanni
905 1714 1086 1811 prouisum
1113 1717 1224 1789 fuerit
1253 1740 1337 1789 oum
1355 1740 1481 1791 vacare
1498 1722 1677 1816 contingit
1694 1722 1797 1795 iuxta

458 1837 744 1907 nominationem
767 1854 833 1925 per
856 1852 923 1901 nos
949 1830 1080 1901 fream
1111 1830 1149 1901 in
1183 1830 1336 1902 concilio
1365 1830 1452 1903 cleri
1481 1830 1664 1905 Scoticani
1694 1846 1796 1907 tento

459 1949 554 2041 apud
573 1944 804 2039 Edinburght
821 1943 858 2013 in
876 1936 1145 2037 quadragesima
1160 1941 1370 2013 immediate
1383 1944 1601 2036 precedente
1619 1968 1701 2017 cnm
1718 1948 1797 2019 aliis

459 2059 607 2155 prelatis
635 2056 827 2130 abbatibus
853 2065 893 2126 et
917 2052 1125 2146 proceribus
1152 2055 1265 2125 totius
1285 2055 1386 2149 regni
1405 2053 1529 2129 Scotie
1546 2096 1554 2113 ·
1574 2092 1610 2115 ··
1632 2056 1718 2131 Non
1736 2061 1798 2131 ob-

459 2168 637 2243 stantibus
670 2164 989 2240 constitutionibus
1019 2175 1057 2236 et
1084 2164 1370 2237 ordinationibus
1397 2163 1545 2239 ecclesie
1570 2168 1690 2241 nostre
1722 2174 1799 2265 qni-

459 2281 667 2375 buscunque
684 2302 755 2374 que
767 2279 886 2349 facere
900 2276 1111 2348 riderentur
1123 2286 1250 2349 contra
1262 2279 1481 2350 creationem
1499 2290 1537 2351 ot
1554 2284 1798 2377 receptionem

459 2396 610 2489 predicti
638 2386 797 2486 magistri
826 2388 980 2462 loannis
1003 2390 1043 2459 in
1069 2390 1281 2461 canonicum
1301 2429 1308 2445 ·
1328 2430 1337 2447 ·
1356 2428 1364 2445 ·
1382 2400 1421 2463 st
1438 2387 1621 2487 signanter
1636 2394 1715 2467 acto
1734 2438 1743 2455 .
1762 2436 1770 2453 .
1790 2440 1798 2456 .

458 2509 559 2583 edito
589 2507 635 2577 dc
659 2504 744 2575 data
766 2503 906 2574 decimo
932 2497 1034 2571 sexto
1064 2500 1124 2573 dio
1153 2496 1285 2573 meniis
1309 2500 1493 2596 Februarij
1523 2528 1618 2577 anno
1649 2506 1798 2579 Domini

460 2616 648 2691 millesimo
665 2609 953 2710 quingentesimo
977 2608 1160 2708 trigesimo
1179 2610 1333 2707 septimo
1351 2654 1359 2669 ·
1379 2612 1428 2686 Et
1447 2614 1514 2687 boc
1531 2617 1615 2709 quia
1636 2618 1703 2690 hae
1720 2622 1800 2692 vice

459 2732 592 2803 iudicio
608 2726 730 2801 nostro
746 2740 785 2799 et
801 2724 951 2819 capituli
966 2722 1079 2797 nostri
1096 2720 1328 2797 consideratis
1345 2724 1624 2822 circumstantijs
1641 2728 1802 2803 declara·

460 2856 539 2915 tum
569 2852 608 2915 et
637 2842 915 2933 interpretatum
943 2834 997 2908 cst
1026 2833 1238 2908 huiusmodo
1254 2836 1332 2908 auo
1349 2835 1564 2911 satilladum
1590 2836 1659 2912 elle
1675 2854 1714 2913 et
1731 2844 1800 2917 hoc

460 2958 648 3053 negotium
674 2975 748 3025 non
778 2946 848 3023 effe
881 2950 1035 3021 arduum
1054 2992 1063 3009 ·
1081 2949 1202 3034 Quare
1230 2948 1331 3021 vobis
1357 2948 1608 3046 ···magistro
1637 2952 1800 3026 Roberto

461 3066 602 3163 Ersstyn
619 3061 769 3139 ecclefie
785 3059 906 3136 nostre
935 3063 1072 3135 decano
1090 3098 1098 3117 ·
1116 3102 1124 3119 ·
1144 3102 1152 3119 ·
1172 3062 1384 3133 mandamus
1411 3074 1589 3155 quatenus
1620 3068 1800 3158 prefatum

460 3178 669 3277 magistrum
701 3176 882 3249 loannem
908 3170 1069 3247 nostrum
1099 3174 1312 3247 canonicum
1348 3175 1393 3247 de
1422 3196 1518 3247 nouo
1543 3189 1732 3249 creatum·
1758 3218 1801 3235 ··

449 3298 499 3365 in
527 3292 662 3365 realem
689 3283 934 3384 pollessionem
965 3285 1050 3357 dibti
1079 3286 1310 3357 canonicatus
1344 3308 1425 3357 cum
1461 3286 1688 3381 plenitudine
1713 3291 1802 3363 iuris

463 3404 613 3499 capituli
631 3446 640 3463 ·
659 3442 668 3461 ·
686 3440 695 3459 ·
713 3396 912 3472 instituatis
928 3434 937 3454 ·
953 3436 962 3453 ·
981 3438 990 3455 ·
1009 3396 1172 3491 Recepto
1190 3398 1289 3491 prius
1305 3398 1352 3469 ab
1369 3398 1497 3469 eodem
1515 3400 1717 3473 iuramento
1735 3444 1744 3459 ·
1764 3444 1772 3461 ·
1792 3444 1801 3463 ·

463 3520 509 3589 de
542 3514 773 3589 obseruandia
799 3508 1039 3585 laudabilibus
1066 3506 1384 3583 consuetudinibus
1414 3519 1453 3582 et
1478 3507 1622 3583 statutis
1652 3515 1802 3608 capituli

462 3628 572 3702 nostri
589 3666 598 3685 ·
616 3666 625 3685 ο
646 3672 654 3687 ·
671 3622 812 3721 prouiso
837 3623 933 3716 quod
951 3622 1068 3693 diuus
1084 3618 1252 3717 magister
1275 3616 1302 3693 J
1304 3643 1438 3693 oannes
1456 3618 1673 3716 persimilem
1692 3626 1802 3701 faciat

462 3738 690 3816 residentiam
707 3740 746 3811 in
763 3736 871 3808 choro
889 3735 984 3806 diue
1000 3730 1121 3805 nostre
1138 3730 1287 3807 ecclesie
1308 3755 1390 3805 oum
1408 3732 1487 3805 aliis
1505 3770 1514 3790 ·
1532 3778 1540 3793 ·
1560 3778 1569 3793 ·
1587 3744 1803 3813 concanoni-

462 3856 514 3927 cis
532 3890 541 3909 ·
557 3894 565 3911 ·
584 3888 593 3907 ·
611 3872 752 3923 necnon
781 3854 951 3919 tencatur
972 3855 1136 3938 tempore
1166 3842 1262 3918 diue
1290 3842 1351 3916 sue
1378 3841 1571 3919 refidentie
1593 3848 1639 3919 ad
1656 3850 1804 3941 publice

462 3965 656 4061 legendum
673 3964 711 4033 in
729 3959 835 4033 sacris
851 3958 967 4030 literis
991 3958 1047 4029 bis
1064 3954 1210 4053 lingulis
1228 3954 1436 4050 septimanis
1453 3957 1491 4029 in
1517 3959 1655 4055 templo
1680 3960 1803 4037 nostro

461 4091 501 4151 et
535 4075 644 4149 semel
679 4072 843 4168 quolibet
877 4067 1001 4141 mense
1030 4071 1180 4141 verbum
1207 4070 1265 4141 dei
1298 4070 1431 4163 populo
1458 4072 1716 4163 predicandum
1736 4116 1744 4133 ·
1764 4116 1802 4133 ··

461 4192 616 4263 Necnon
642 4187 688 4259 ad
722 4180 831 4255 semel
867 4182 906 4253 in
942 4202 1037 4254 anno
1065 4180 1264 4275 quamlibet
1294 4178 1521 4255 eccleliarum
1552 4188 1804 4259 communium

461 4308 546 4379 diui
564 4300 715 4396 capituli
733 4295 949 4371 visrtandum
975 4298 1014 4367 in
1039 4296 1182 4391 propria
1205 4292 1355 4388 persona
1372 4303 1410 4366 et
1431 4296 1656 4389 parochianis
1673 4321 1804 4373 earun-

459 4420 544 4491 dem
582 4414 686 4486 finrili
713 4412 821 4483 modo
850 4410 1000 4482 verbum
1039 4410 1098 4481 dei
1122 4406 1380 4502 predicandum
1397 4444 1406 4463 ·
1425 4447 1432 4463 ·
1452 4444 1461 4463 ·
1480 4407 1576 4481 Data
1610 4408 1669 4481 die
1706 4434 1803 4485 nono
