4050 5534
240 655 340 750 aa]
713 655 1118 731 anunnounusu.

740 1301 1083 1399 STATUTA.

237 1639 354 1735 Super
370 1641 597 1734 quorundam
615 1639 821 1715 excessuum
838 1645 1094 1716 reformatione
1113 1683 1121 1700 ·

240 1835 290 1936 ln
308 1863 381 1936 Dei
397 1866 544 1935 nomine
561 1865 685 1936 Amen
703 1907 712 1926 ·
731 1865 802 1938 Per
825 1867 893 1938 hoc
920 1866 1065 1960 presens
1091 1865 1276 1958 publicum
1304 1864 1583 1939 instrumentum

236 1979 372 2049 onustis
389 1985 514 2070 pateat
531 1978 722 2048 euidenter
738 1980 834 2070 quod
852 2002 948 2050 anno
967 1979 1012 2050 ab
1031 1979 1279 2050 incarnatione
1297 1977 1445 2048 Domini
1468 1980 1584 2051 mille-

237 2086 322 2159 frmo
339 2082 593 2160 trecentesimo
610 2086 829 2184 sexagesimo
846 2088 949 2161 sexto
963 2091 1022 2161 die
1040 2091 1221 2160 dominico
1239 2090 1379 2160 decimo
1398 2093 1507 2160 tertio
1524 2092 1583 2162 die

237 2197 366 2272 menfis
388 2199 491 2293 Junij
517 2202 714 2272 indictione
738 2211 866 2293 quarta
892 2203 1124 2295 pontificatus
1147 2195 1350 2272 faustissimi
1376 2203 1413 2271 in
1441 2201 1583 2273 Christo

235 2316 345 2406 patris
375 2324 414 2384 et
439 2313 576 2382 domini
606 2308 716 2383 nostri
744 2314 881 2385 domini
905 2313 1048 2385 Vrbani
1075 2314 1199 2383 diuina
1228 2313 1461 2404 prouidencia
1486 2315 1583 2408 Pape

237 2427 351 2518 quinti
375 2447 472 2496 anno
489 2434 617 2516 quarto
635 2465 644 2484 ·
663 2423 708 2494 ln
735 2426 808 2495 mei
832 2427 965 2518 notarij
993 2425 1129 2519 publici
1149 2434 1187 2495 et
1204 2421 1353 2495 testium
1370 2424 1584 2520 subscripto-

236 2561 313 2608 rum
339 2535 524 2630 presencia
548 2532 755 2607 constitutis
779 2536 1046 2608 venerabilibus
1072 2544 1111 2606 et
1137 2531 1298 2607 discretis
1317 2538 1402 2606 viris
1428 2539 1583 2608 dominis

237 2649 385 2722 Decano
411 2646 635 2719 cancellario
660 2645 894 2719 Thesaurario
912 2648 1180 2720 Archidiacono
1209 2658 1246 2718 et
1273 2647 1489 2720 Subdecano
1514 2673 1584 2722 vna

236 2785 317 2832 cum
335 2757 569 2852 infrascriptis
586 2760 768 2831 canonicis
785 2759 1011 2853 presentibus
1029 2756 1264 2853 personaliter
1281 2770 1319 2830 et
1336 2761 1584 2854 capitulariter

235 2873 461 2967 congregatis
486 2869 686 2962 ceterisque
712 2873 895 2942 canonicis
921 2865 1071 2942 ecclesie
1089 2868 1359 2941 Aberdonensrs
1378 2875 1514 2943 vocatis
1537 2875 1581 2944 ad

234 2986 302 3056 hoc
325 2981 444 3076 sepius
466 2990 505 3052 et
530 2981 692 3074 legitime
720 2992 828 3075 prout
853 2983 963 3052 moris
989 2979 1043 3052 est
1070 2983 1218 3052 monitis
1244 2991 1282 3052 et
1308 2984 1429 3053 citatis
1459 2985 1583 3054 habito

235 3095 340 3190 super
364 3095 433 3165 boc
455 3093 636 3184 frequenti
654 3103 692 3164 et
711 3093 878 3187 diligenti
905 3094 1062 3164 tradatu
1089 3102 1128 3163 et
1153 3093 1415 3164 deliberatione
1441 3104 1584 3166 matura

234 3211 270 3278 in
289 3205 449 3300 capitulo
466 3199 617 3276 ecclesie
634 3198 904 3276 Aberdonenfrs
921 3223 1122 3276 memorate
1139 3202 1288 3298 pensata
1307 3202 1416 3298 ipfrus
1433 3205 1583 3278 ecclesie

234 3319 395 3390 utilitate
424 3326 463 3386 et
492 3315 718 3408 quorundam
748 3311 955 3387 excessuum
989 3317 1246 3387 reformatione
1276 3318 1314 3386 in
1344 3318 1492 3388 modum
1520 3321 1582 3411 qui

234 3430 395 3524 sequitur
410 3427 668 3500 concordatum
686 3423 739 3498 cst
755 3438 795 3498 et
811 3427 923 3498 etiam
941 3427 1149 3499 ordinatum
1167 3464 1175 3482 ·

235 3542 419 3636 Imprimis
432 3539 602 3610 videlicet
617 3539 712 3630 quod
726 3561 852 3609 omnes
866 3540 1028 3610 canonici
1044 3535 1193 3610 ecclesie
1207 3549 1407 3611 memorate
1421 3542 1581 3614 debitam

234 3651 468 3726 refrdenciam
485 3653 590 3720 iuxta
603 3645 740 3720 statuta
757 3673 828 3720 non
847 3651 1023 3721 facientes
1040 3648 1228 3743 septimam
1247 3660 1387 3742 partem
1405 3654 1582 3743 prebend-

233 3788 336 3837 arum
348 3761 493 3834 fuarum
511 3766 608 3832 inter
619 3764 810 3832 canonicos
827 3756 1026 3832 residentes
1043 3761 1361 3854 proportionaliter
1377 3764 1415 3832 in
1434 3765 1580 3835 modum

234 3898 427 3949 commuue
445 3873 678 3944 diuidendum
700 3869 775 3944 srne
800 3868 1004 3944 remissione
1025 3871 1164 3943 soluere
1190 3883 1385 3944 teneantur
1402 3915 1410 3934 ·
1430 3883 1468 3944 et
1485 3878 1581 3967 quod

233 3991 328 4061 dista
344 3987 498 4081 septima
514 3982 711 4056 secundum
734 3967 959 4056 tairationem
978 3983 1036 4054 vel
1056 4007 1180 4055 verum
1198 3983 1357 4055 valorem
1375 3987 1412 4055 in
1431 3989 1582 4078 opcione

232 4101 408 4173 soluentis
432 4096 591 4168 fideliter
615 4093 841 4190 persoluetur
859 4138 867 4156 ·
886 4105 925 4166 et
950 4096 1047 4188 quod
1074 4096 1160 4167 dicti
1186 4095 1348 4166 canonici
1374 4095 1473 4167 suam
1499 4096 1583 4168 refr-

233 4215 399 4285 denciam
426 4210 546 4280 facere
574 4209 751 4302 incipiant
777 4207 824 4279 ad
849 4204 981 4278 festum
1011 4204 1122 4278 sancti
1153 4204 1348 4276 Michaelis
1377 4207 1582 4303 archangeli
1634 4301 1643 4310 .

232 4326 397 4418 proximo
427 4323 592 4391 futurum
619 4332 658 4391 et
685 4320 781 4412 quod
808 4317 962 4390 eandem
992 4315 1182 4409 perficiant
1208 4317 1300 4387 citra
1325 4317 1421 4388 idem
1451 4317 1582 4392 festum

232 4461 326 4509 anno
343 4431 514 4506 reuoluto
531 4467 541 4486 ·

231 4548 329 4620 Item
360 4544 459 4637 quod
489 4541 644 4634 quilibet
675 4541 871 4614 canonicus
903 4539 1038 4612 habeat
1068 4559 1133 4632 pro
1164 4538 1225 4610 suo
1257 4541 1388 4612 vicario
1419 4541 1583 4618 habitum

281 4679 365 4730 Vola.
384 4677 428 4727 11.
891 4671 919 4723 Η
