4050 5534
434 653 507 730 298
951 643 1259 721 REGISTRUM
1624 650 1774 746 [secun

433 859 473 922 et
485 849 674 921 beatorum
690 845 815 918 Trium
834 844 976 942 Regum
993 855 1033 918 et
1049 847 1211 918 omnium
1229 845 1428 920 sunttorum
1441 871 1506 944 pro
1523 848 1637 923 salute
1653 853 1771 924 unime

433 984 515 1034 mee
531 985 574 1034 eo
599 954 798 1033 eheriffime
814 960 977 1054 ooniugie
992 981 1075 1030 mee
1092 957 1278 1052 Eligebeth
1296 959 1483 1034 Orewfurd
1564 959 1696 1036 dediffe
1713 1003 1722 1020 ·
1741 1002 1771 1022 ··

435 1072 515 1145 Deo
532 1072 774 1166 omnipotenti
791 1066 1034 1166 gioriofiffime
1051 1070 1180 1166 virgini
1199 1069 1270 1143 Dei
1286 1073 1453 1168 genitrici
1471 1071 1590 1146 Murio
1607 1075 1772 1148 omnibus

434 1184 561 1257 sannis
589 1193 629 1256 et
657 1182 762 1256 ulturi
789 1184 1017 1255 dominorum
1040 1181 1164 1253 Trium
1182 1181 1326 1278 Regum
1343 1185 1436 1258 infre
1460 1181 1646 1260 ecclesium
1675 1187 1770 1260 beuti

435 1296 605 1369 Nieholui
623 1296 668 1368 de
685 1295 881 1368 Aberdene
898 1292 1031 1366 fituuto
1048 1317 1089 1366 uo
1107 1291 1273 1390 magistro
1291 1297 1435 1370 Geuino
1453 1295 1570 1371 Lessie
1587 1299 1771 1392 eupelluno

434 1411 519 1482 diui
531 1408 655 1481 ultoris
667 1417 706 1480 et
715 1402 802 1500 post
814 1429 899 1479 eum
911 1405 1099 1502 capellano
1116 1407 1255 1501 ydoneo
1272 1418 1445 1504 perpetuo
1463 1408 1686 1484 celebraturo
1698 1433 1772 1482 om-

432 1545 498 1595 nes
511 1516 715 1617 etfingules
728 1529 842 1592 tenue
852 1528 1064 1592 tenemento
1075 1529 1113 1592 et
1122 1541 1261 1591 unnuos
1273 1521 1435 1593 redditus
1445 1519 1658 1616 subsen'ptos
1676 1523 1772 1594 vide·

433 1634 521 1708 iicet
546 1643 663 1706 totum
688 1641 727 1705 et
749 1632 932 1728 integrum
957 1640 1093 1703 terram
1119 1651 1237 1702 meum
1262 1635 1478 1706 anteriorem
1504 1643 1543 1706 et
1565 1635 1771 1706 interiorem

433 1769 518 1820 eum
535 1744 606 1818 suis
622 1745 854 1840 pertineueije
879 1746 1058 1817 ieoentem
1075 1743 1169 1815 infre
1184 1743 1338 1840 burgum
1357 1745 1403 1816 de
1419 1743 1606 1819 Abirdene
1630 1747 1667 1818 in
1693 1749 1770 1820 vieo

433 1860 615 1932 furcarum
639 1881 686 1930 ex
712 1855 927 1930 oeeideutoli
950 1865 1054 1950 purte
1080 1854 1239 1927 eiusdem
1265 1857 1334 1930 viui
1362 1857 1458 1929 inter
1481 1867 1594 1930 terroe
1622 1859 1770 1932 Roberti

434 1972 543 2068 Cruig
554 1981 594 2042 et
607 1968 790 2041 Willeimi
807 1967 909 2064 Kiug
922 1991 969 2040 ex
981 1965 1119 2040 boreuii
1133 1976 1171 2039 et
1188 1975 1320 2041 terrem
1338 1969 1517 2062 quondum
1530 1967 1682 2042 Joennie
1692 1969 1782 2043 snt

432 2083 537 2180 guler
553 2107 599 2155 ex
617 2078 761 2154 australi
778 2103 826 2154 ex
843 2103 915 2153 ruo
930 2091 970 2153 et
986 2101 1197 2153 communes
1214 2082 1289 2153 viee
1314 2081 1428 2177 regine
1452 2078 1571 2154 versus
1594 2084 1711 2156 oriens
1734 2093 1772 2156 et

432 2197 600 2269 occidens
617 2194 780 2289 pertibus
792 2193 839 2266 ub
855 2193 993 2266 alteru·
1007 2201 1046 2264 et
1059 2200 1175 2266 totum
1189 2200 1228 2264 et
1239 2193 1417 2288 integrum
1428 2215 1545 2264 meum
1560 2201 1693 2266 terrum
1711 2217 1772 2266 en·

433 2310 604 2381 teriorem
622 2316 661 2378 et
672 2306 882 2377 interiorem
900 2327 983 2377 eum
1006 2303 1079 2376 suis
1092 2303 1324 2398 pertineneije
1337 2305 1517 2376 iuuentem
1527 2305 1620 2378 infre
1637 2305 1771 2378 dietum

433 2421 587 2516 burgum
614 2421 652 2489 in
669 2418 750 2490 vieo
775 2417 954 2488 furcarum
972 2439 1020 2488 ex
1046 2415 1262 2488 occidentali
1287 2423 1390 2510 purte
1407 2415 1564 2488 eiusdem
1582 2416 1652 2489 vici
1677 2418 1772 2490 inter

432 2543 567 2604 terrem
596 2529 733 2603 Jonete
762 2527 924 2601 Snnehur
953 2551 1000 2599 ex
1026 2527 1161 2600 boreali
1189 2538 1228 2600 et
1253 2539 1386 2601 terrum
1413 2527 1593 2622 quondum
1620 2528 1771 2625 Megete

433 2643 596 2739 Quhyite
613 2665 660 2714 ex
677 2638 821 2714 australi
837 2641 882 2713 ub
895 2663 966 2712 vnn
978 2649 1017 2712 et
1028 2663 1237 2712 communes
1250 2641 1326 2712 vioe
1338 2639 1455 2734 regius
1468 2637 1587 2712 versuo
1599 2644 1716 2714 oriens
1733 2652 1771 2714 et

432 2757 599 2830 oeeidene
611 2755 774 2849 pertibus
786 2753 833 2825 ub
846 2751 961 2826 nitere
973 2793 982 2812 ·
994 2761 1092 2824 totus
1106 2762 1144 2824 et
1158 2753 1315 2847 integrus
1328 2761 1441 2824 terrun
1451 2773 1550 2824 meus
1561 2761 1772 2826 tenemento

431 2879 471 2940 et
483 2891 621 2940 unnuoo
638 2866 803 2939 redditus
818 2861 1035 2957 subscriptos
1053 2863 1212 2936 iacentes
1224 2863 1261 2934 in
1279 2862 1393 2959 burgo
1410 2863 1455 2936 de
1469 2861 1657 2937 Inuerurie
1675 2867 1772 2938 vide-

431 2981 518 3053 lieet
535 3003 647 3051 vnum
672 2986 927 3050 tenementum
944 2985 983 3048 et
1008 2986 1082 3048 tres
1098 2976 1205 3048 rudes
1230 2987 1407 3048 terrerum
1433 2999 1516 3048 eum
1541 2977 1771 3072 pertinentije

430 3094 591 3166 iacentes
616 3115 664 3164 ex
690 3087 905 3162 occidentali
930 3096 1034 3182 purte
1052 3084 1210 3160 eiusdem
1228 3088 1331 3179 burgi
1350 3087 1446 3159 inter
1471 3097 1602 3160 terrem
1627 3088 1769 3162 Volteri

431 3203 661 3296 Bad3enoeht
678 3200 825 3274 senioris
841 3223 887 3272 ex
905 3198 1032 3272 borinli
1050 3221 1097 3271 ex
1114 3221 1185 3271 vno
1201 3207 1239 3270 et
1257 3207 1388 3272 terrum
1403 3197 1551 3272 Andree
1568 3197 1771 3274 Andirsone

431 3338 479 3387 ex
496 3313 713 3387 australi00t
724 3313 821 3384 eliud
839 3321 1091 3384 tenementum
1109 3331 1231 3382 meum
1250 3319 1288 3382 et
1305 3318 1378 3382 tres
1391 3311 1498 3384 rudes
1514 3333 1556 3383 ee
1568 3312 1771 3386 dimidietu-

431 3437 508 3500 tem
521 3427 611 3499 rude
628 3449 709 3499 eum
722 3423 952 3518 pertinentijs
965 3423 1125 3496 iuuentee
1139 3444 1186 3494 ex
1203 3421 1369 3493 orientali
1386 3431 1490 3516 perte
1500 3421 1588 3496 dieti
1600 3424 1705 3520 burgi
1716 3428 1770 3496 in-

432 3548 489 3611 ter
501 3547 634 3611 terrum
646 3535 827 3607 Willelmi
842 3531 961 3606 Lessie
978 3557 1025 3606 ex
1038 3533 1165 3607 boriali
1179 3556 1226 3606 ex
1238 3555 1308 3604 vne
1320 3541 1359 3604 et
1375 3543 1506 3606 terrum
1517 3532 1670 3608 Jounnis
1684 3535 1769 3609 For·

430 3650 523 3746 syith
537 3675 583 3723 ex
597 3647 740 3722 australi
758 3647 920 3744 pertibus
933 3645 979 3718 ab
992 3646 1108 3720 altero
1125 3685 1134 3703 ·
1149 3667 1261 3716 vnum
1275 3667 1433 3716 annuum
1449 3647 1630 3718 redditum
1644 3649 1768 3722 decem

430 3764 623 3836 solidorum
641 3763 686 3832 de
704 3758 764 3832 sex
781 3759 879 3830 rudis
897 3766 993 3830 terre
1006 3757 1183 3830 Willelmi
1201 3755 1392 3830 Bleokhell
1403 3759 1604 3831 iacentibus
1619 3763 1657 3832 in
1676 3763 1768 3834 diuo

431 3877 545 3970 burgo
562 3897 609 3946 ex
627 3870 843 3945 occidentuii
860 3880 963 3964 purte
976 3867 1135 3942 eiusdem
1153 3869 1239 3942 ville
1257 3871 1354 3941 inter
1370 3879 1504 3942 terrum
1521 3871 1606 3944 dini
1625 3871 1769 3948 Willel·

431 3989 482 4059 mi
499 3984 689 4059 Bleekhull
716 4007 763 4056 ex
779 3979 924 4056 australi
941 3990 981 4054 et
1005 3991 1138 4054 terrum
1158 3979 1309 4054 Roberti
1335 3979 1548 4055 Andersone
1573 4007 1619 4056 ex
1642 3985 1766 4060 boriali

431 4107 470 4172 et
488 4099 535 4170 iie
562 4095 812 4170 Dewuuklnnd
838 4091 957 4166 versuo
981 4093 1150 4166 occidens
1167 4102 1205 4165 et
1223 4095 1317 4166 viam
1335 4095 1470 4188 regiam
1493 4092 1614 4168 versus
1630 4101 1767 4172 oriene-

431 4221 470 4284 et
497 4233 609 4282 vnum
637 4210 748 4282 ulium
777 4229 938 4280 annuum
966 4206 1148 4277 redditum
1178 4207 1338 4298 quinque
1363 4203 1554 4279 solidorum
1582 4210 1628 4281 de
1653 4213 1767 4284 tribus

429 4325 528 4396 rudis
546 4333 641 4394 terre
658 4319 810 4393 Roberti
827 4313 1039 4390 Andersone
1057 4314 1203 4390 senioris
1221 4316 1421 4390 iacentibus
1444 4319 1480 4389 in
1499 4319 1696 4396 dienvilla
1721 4347 1767 4396 ex

430 4435 596 4509 orientali
612 4443 715 4528 porte
732 4429 890 4505 eiusdem
907 4430 1147 4503 intertenum
1164 4429 1189 4502 J
1191 4430 1317 4527 oennis
1335 4425 1371 4499 H
1375 4428 1577 4504 uehesoune
1602 4456 1649 4505 ex
1666 4449 1767 4528 purte

429 4546 563 4620 boreali
578 4555 616 4617 et
629 4553 762 4616 terrum
777 4543 935 4638 Agnetis
948 4540 1178 4636 Bud3enoeht
1195 4565 1241 4614 ex
1259 4553 1361 4635 perte
1373 4538 1516 4616 australi
1530 4555 1569 4616 et
1582 4569 1708 4639 aquom
1722 4548 1765 4618 de
