4050 5534
467 651 539 716 940
983 639 1292 715 REGISTRUM
1646 645 1796 740 [ancum

468 845 605 915 iudicer
626 853 690 913 aut
707 841 753 914 ab
770 841 926 912 humano
944 842 1003 913 die
1023 837 1196 936 [judicio]
1221 839 1282 914 sed
1304 863 1422 934 neque
1440 865 1499 914 me
1517 840 1630 935 ipsum
1651 846 1769 917 iudico
1788 886 1796 902 ·

470 955 596 1026 Nichil
621 955 729 1025 michi
756 950 916 1025 conscius
941 951 1018 1024 sum
1036 952 1096 1027 sed
1121 977 1195 1025 non
1221 955 1259 1024 in
1285 953 1352 1026 hoo
1369 951 1581 1026 iustificatos
1606 953 1683 1028 sum
1702 997 1710 1013 ·
1728 957 1796 1040 Qui

468 1077 591 1139 autem
609 1067 742 1137 iudicat
759 1089 819 1136 me
832 1065 1010 1138 Dominus
1022 1063 1074 1138 est
1089 1107 1097 1128 ·
1112 1067 1241 1158 Itaque
1258 1064 1372 1136 nolite
1384 1077 1470 1137 ante
1488 1075 1631 1159 tempus
1643 1071 1798 1140 iudicare

467 1181 600 1272 quoad
621 1175 729 1270 vsque
746 1181 868 1250 veniat
882 1177 1060 1250 Dominus
1086 1179 1204 1272 quiet
1222 1176 1441 1250 illuminabit
1466 1175 1675 1253 abscondita
1701 1193 1798 1252 tene-

468 1292 612 1364 brarum
630 1302 669 1362 et
685 1287 928 1363 manifestabit
946 1289 1092 1364 oonsilio
1109 1291 1270 1363 cordium
1294 1327 1303 1345 ·
1330 1289 1380 1362 Et
1391 1301 1479 1362 tune
1493 1289 1571 1364 laus
1583 1293 1653 1363 erit
1666 1297 1799 1366 micui-

467 1403 692 1496 queaDeo·
1206 1415 1211 1428 '

467 1740 592 1817 Furem
610 1765 761 1823 ouaara
778 1741 969 1828 Quaruoa
987 1761 1205 1813 annuorum
1225 1779 1233 1796 ·
1253 1735 1400 1813 Lucrro
1418 1739 1524 1812 stru
1545 1763 1749 1814 rnornnra
1771 1785 1778 1800 ·

516 1966 561 2038 In
585 1967 711 2038 diebus
736 1963 807 2035 illis
832 1965 925 2036 dixit
948 1961 1058 2035 Isaiae
1083 1962 1258 2057 propheta
1276 1961 1364 2035 Erit
1386 1965 1423 2035 in
1450 1960 1646 2038 nouiffimia
1672 1968 1797 2040 diebus

466 2089 676 2174 preparatus
691 2100 795 2148 mone
812 2076 939 2148 domus
964 2075 1113 2146 Domini
1130 2077 1167 2144 in
1185 2077 1321 2146 vertice
1342 2079 1521 2149 montium
1539 2087 1577 2149 et
1596 2079 1798 2152 eleuabitur

466 2191 570 2286 super
582 2191 692 2264 eolles
709 2233 718 2250 ·
737 2189 787 2260 Et
804 2188 918 2260 fluent
935 2189 980 2259 ad
997 2210 1081 2258 eum
1098 2209 1223 2258 omnes
1239 2198 1368 2282 gentes
1382 2199 1420 2260 et
1437 2189 1543 2261 ibunt
1553 2192 1677 2286 populi
1690 2193 1796 2263 multi

467 2314 505 2375 et
523 2304 645 2374 dicent
662 2301 800 2374 Venite
825 2297 1056 2371 ascendamus
1080 2299 1125 2371 ad
1152 2311 1313 2371 montem
1332 2299 1479 2372 Domini
1496 2341 1504 2357 ·
1524 2313 1561 2374 et
1587 2304 1632 2376 ad
1650 2305 1797 2376 domurn

467 2416 524 2487 dei
543 2415 652 2486 Iacob
670 2423 708 2485 et
724 2413 869 2484 docebit
885 2434 951 2482 noe
968 2412 1044 2482 viae
1061 2407 1139 2481 suas
1157 2420 1196 2480 et
1212 2412 1475 2484 ambulabimus
1488 2416 1525 2485 in
1543 2413 1679 2488 semitis
1697 2419 1794 2489 eius·

466 2528 562 2614 Quia
579 2528 623 2598 de
641 2526 739 2619 Syou
757 2524 872 2596 exibit
896 2523 956 2594 lex
973 2532 1012 2593 et
1031 2523 1180 2594 verbum
1198 2523 1333 2595 domini
1347 2525 1391 2595 de
1410 2523 1636 2599 Hierusalem
1654 2569 1663 2588 ·
1682 2527 1733 2600 Et
1745 2533 1798 2601 iu·

467 2640 600 2712 dicabit
624 2647 751 2734 gentos
776 2647 815 2708 et
840 2647 966 2730 arguet
992 2635 1142 2728 populos
1168 2635 1302 2706 multos
1330 2675 1339 2694 ·
1363 2635 1413 2706 Et
1431 2637 1637 2710 conflabunt
1660 2639 1797 2734 gladios

464 2752 545 2825 suos
562 2754 599 2824 in
616 2773 779 2823 vomeres
796 2759 834 2820 et
852 2748 994 2820 lanceae
1012 2745 1090 2819 suaa
1108 2748 1145 2817 in
1163 2747 1294 2819 falces·
1313 2745 1350 2820 N
1354 2771 1400 2818 on
1419 2747 1554 2821 leuabit
1566 2775 1655 2846 gens
1672 2761 1797 2824 eontra

464 2875 611 2961 gentem
628 2863 787 2959 gladium
806 2884 874 2932 nec
892 2861 1159 2932 exercebuntur
1169 2858 1262 2932 vltra
1278 2861 1323 2934 ad
1334 2859 1486 2954 prelium
1501 2903 1509 2920 ·
1530 2861 1669 2935 Domus
1687 2863 1796 2937 Iaeob

464 2979 586 3050 venite
604 2987 642 3048 et
658 2973 883 3048 ambulemus
900 2975 937 3043 in
956 2972 1093 3043 lumine
1112 2970 1258 3042 Domini
1277 2969 1347 3042 Dei
1364 2966 1472 3042 nostri
1490 3010 1498 3028 ·

908 3193 914 3228 l

873 3309 1019 3382 Lucrro
1033 3305 1135 3382 Isara
1154 3329 1359 3382 exoritura
1377 3347 1385 3368 ·

514 3539 559 3612 In
574 3539 699 3611 diebus
717 3538 790 3608 illis
807 3537 950 3608 loeutus
963 3533 1016 3607 est
1027 3536 1194 3607 dominus
1205 3535 1249 3606 ad
1261 3530 1383 3626 Acha3
1401 3535 1523 3607 dicens
1541 3535 1632 3608 Pete
1649 3539 1716 3610 tibi
1730 3535 1797 3634 iig-

465 3676 553 3725 num
571 3677 593 3724 a
608 3651 754 3722 domino
780 3650 847 3720 deo
874 3661 938 3720 tuo
963 3649 1001 3717 iu
1020 3647 1236 3741 profundum
1256 3645 1385 3716 inferni
1405 3641 1479 3718 siue
1495 3649 1531 3720 in
1551 3647 1731 3721 excelsum
1742 3649 1798 3722 su-

466 3790 550 3859 pra·
573 3763 621 3834 Et
632 3763 725 3833 dixit
736 3760 858 3853 Achag
870 3760 957 3830 Non
970 3769 1093 3853 petam
1108 3771 1145 3830 et
1156 3782 1228 3829 non
1240 3757 1390 3829 tentabo
1403 3757 1622 3831 Dominum·
1641 3761 1690 3832 Et
1703 3763 1796 3834 dixit

466 3879 606 3950 Audite
623 3898 707 3968 ergo
725 3874 852 3944 domus
871 3873 989 3943 Dauid
1003 3910 1012 3927 ·
1027 3871 1204 3964 Nunquid
1219 3893 1343 3964 parum
1358 3871 1458 3942 vobis
1472 3869 1525 3942 est
1542 3871 1710 3946 molestos
1726 3873 1797 3947 efl'e

466 3986 760 4078 hominibusquia
768 3981 909 4055 molesti
923 3980 1007 4056 estis
1021 3992 1059 4054 et
1071 3985 1138 4055 deo
1149 4006 1230 4054 meo
1243 3981 1256 4054 l
1270 3982 1421 4074 Propter
1431 3983 1500 4054 hoe
1514 3983 1797 4059 dabitDomiuua

466 4099 540 4196 iple
558 4100 658 4171 vobis
669 4094 805 4193 signum
820 4137 829 4154 ·
842 4095 938 4168 Ecce
951 4098 1050 4190 virgo
1064 4096 1242 4188 ooneipiet
1256 4103 1293 4165 et
1304 4095 1418 4187 pariet
1431 4094 1545 4167 filium
1560 4106 1598 4167 et
1611 4100 1798 4172 vocabitur

466 4237 600 4284 nomen
626 4213 702 4284 eiua
727 4209 892 4282 emanuel
924 4249 932 4266 ·
958 4207 1140 4300 Butyrum
1156 4214 1195 4278 et
1221 4205 1293 4278 mel
1310 4201 1476 4278 comedet
1501 4217 1542 4280 vt
1567 4207 1654 4282 sciat
1678 4235 1798 4306 repro·

468 4327 553 4399 bare
569 4324 705 4398 malum
715 4331 754 4394 et
770 4321 903 4416 eligere
911 4320 1067 4393 bonum·
