4050 5534
241 659 325 754 χι]
708 657 1117 732 Asnnnonsnsn.
1544 667 1591 739 sr

241 856 469 930 eccleliarum
480 860 728 931 communium
739 858 909 929 videlicet
923 859 967 929 de
980 852 1220 951 Fordylscum
1236 857 1381 951 capellis
1393 858 1438 930 de
1450 858 1589 931 Rathin

240 971 285 1041 de
302 971 405 1065 Logy
422 973 461 1041 in
478 971 666 1042 Bucbania
691 971 736 1042 de
759 971 862 1065 chy
877 972 916 1040 in
934 970 1038 1040 Marr
1063 971 1108 1040 de
1134 968 1350 1064 Kyndromy
1367 972 1412 1042 de
1430 971 1588 1043 Oloueth

239 1092 277 1154 et
302 1081 486 1154 Tunmeth
512 1106 596 1154 cum
622 1085 856 1176 pertinencijs
884 1079 1007 1153 mense
1034 1081 1222 1175 capitulari
1248 1085 1503 1154 canonicorum
1530 1108 1588 1156 ec·

240 1192 345 1266 clesre
361 1193 483 1265 nostre
500 1205 539 1266 et
555 1196 691 1266 ibidem
708 1192 943 1266 residentium
958 1195 1039 1266 Deo
1053 1205 1091 1266 et
1105 1195 1212 1266 beate
1226 1193 1346 1266 Marie
1360 1219 1402 1266 ac
1420 1198 1588 1267 omnibus

239 1305 367 1378 senilis
376 1304 611 1378 seruientium
624 1316 663 1378 et
673 1309 940 1400 imperpetuum
951 1306 1209 1392 seruiturorum
1221 1330 1285 1400 per
1295 1330 1361 1377 nos
1372 1305 1588 1380 austoritate

240 1417 360 1490 nostra
385 1419 564 1490 ordinaria
588 1420 689 1490 settis
707 1431 745 1490 et
762 1420 977 1490 audoritate
1003 1415 1197 1512 apostolica
1221 1420 1349 1490 fiendis
1374 1417 1589 1512 supplicabi-

240 1554 319 1602 mns
336 1543 376 1602 et
393 1527 605 1602 instabimus
622 1534 710 1601 totis
725 1532 860 1602 viribus
874 1532 1020 1602 domino
1034 1528 1154 1601 nostro
1171 1554 1263 1623 pape
1279 1528 1476 1602 secundum
1492 1533 1587 1624 quod

241 1644 422 1714 ridebitur
447 1644 585 1715 decano
614 1653 654 1714 et
683 1643 845 1736 capitulo
876 1639 1025 1714 ecclesie
1054 1640 1175 1714 nostre
1205 1644 1386 1715 anteditte
1417 1645 1587 1736 expedire

241 1754 371 1847 absque
388 1755 515 1826 fraude
532 1755 590 1826 vel
609 1755 692 1826 dolo
711 1798 719 1814 ·
739 1755 783 1825 In
801 1758 905 1827 cuius
922 1752 1170 1826 testimonium
1188 1755 1272 1826 huic
1289 1755 1412 1828 sedule
1431 1752 1587 1850 sigillum

239 1863 400 1937 nostrum
426 1867 521 1962 affigi
547 1863 710 1938 iuffimus
735 1876 774 1939 et
797 1869 949 1939 fecimus
974 1869 1071 1960 apud
1089 1867 1289 1939 Abberdcn
1306 1891 1378 1940 vna
1402 1891 1485 1940 cunr
1506 1867 1588 1939 sub-

239 1976 432 2072 scriptione
449 1975 571 2051 nostra
587 1979 746 2050 manuali
765 1981 875 2051 tertio
894 1980 952 2050 die
969 1975 1103 2049 mensis
1121 1979 1307 2073 Februarij
1325 2003 1420 2052 enno
1438 1980 1587 2051 Domini

239 2087 428 2161 millesimo
446 2087 799 2186 quadringentesimo
815 2086 1037 2184 sexagesimo
1055 2092 1170 2184 primo
1188 2131 1196 2148 ·

240 2425 447 2499 Declaratio
475 2413 630 2521 episcopi
657 2425 761 2521 super
788 2425 922 2499 eisdem
950 2437 989 2500 et
1018 2427 1350 2501 confirmationibus
1377 2424 1588 2500 testament-

241 2561 341 2609 orum
360 2578 368 2595 ·

239 2739 434 2834 Vniuersrs
460 2759 580 2834 sance
614 2765 740 2834 matris
770 2763 920 2836 ecclesie
949 2765 1034 2857 filijs
1063 2765 1108 2835 ad
1139 2786 1292 2856 quorum
1326 2769 1479 2839 noticias
1508 2791 1588 2860 pre-

238 2875 357 2947 sentes
387 2875 510 2946 littere
539 2879 772 2968 peruenerint
796 2877 951 2950 Thomas
975 2877 1046 2947 Dei
1073 2887 1110 2947 et
1136 2873 1329 2968 apostolice
1354 2876 1447 2950 sedis
1472 2881 1588 2974 gratia

239 2985 424 3081 episcopus
452 2983 720 3059 Aberdcnensrs
750 2987 904 3061 salutem
933 2992 972 3060 in
996 2989 1159 3059 omnium
1187 2983 1364 3059 saluatore
1393 3031 1400 3045 ·
1429 2991 1524 3075 Quia
1549 2993 1586 3058 in

239 3101 516 3194 congregatione
541 3100 701 3194 generali
727 3104 982 3173 canonicorum
1006 3095 1156 3171 ecclesie
1183 3095 1301 3171 nostre
1319 3097 1586 3172 Aberdcnenlis

239 3219 387 3303 propter
402 3211 469 3282 boc
483 3220 522 3281 et
536 3211 607 3282 alia
623 3212 735 3282 ardua
751 3209 908 3284 nostram
926 3209 1113 3284 ecclesiam
1132 3215 1388 3285 concernentia
1405 3214 1587 3285 celebrata

239 3345 364 3393 omnes
378 3331 416 3393 et
429 3318 585 3417 singulas
599 3324 813 3395 donationes
827 3328 977 3395 vniones
994 3326 1300 3416 incorporationes
1314 3336 1352 3396 et
1365 3327 1587 3397 annexiones

240 3429 470 3506 ecclesiarum
498 3436 745 3505 communium
772 3437 817 3506 de
844 3432 998 3529 Fordyls
1017 3458 1099 3506 curn
1131 3434 1278 3526 capellis
1304 3438 1350 3507 de
1376 3435 1515 3507 Rathin
1542 3438 1586 3506 de

241 3545 341 3640 Logy
358 3548 397 3616 in
416 3545 603 3617 Bucbania
628 3547 673 3617 de
695 3545 798 3640 Logy
822 3550 861 3618 in
889 3547 973 3618 Mar
999 3546 1044 3618 de
1071 3545 1284 3638 Kyndrome
1302 3548 1347 3617 de
1365 3547 1522 3617 Cloueth
1549 3558 1587 3617 et

239 3657 422 3728 Tunmeth
448 3680 532 3728 cum
557 3659 791 3751 pertinencijs
813 3659 858 3729 ad
880 3655 1041 3729 mensam
1068 3657 1304 3751 capitularem
1331 3661 1585 3729 canonicomnr

239 3765 389 3841 ecclesie
412 3765 532 3838 nostre
557 3763 788 3839 residentium
816 3771 951 3841 ibidem
971 3769 1051 3841 Deo
1069 3780 1107 3840 et
1126 3771 1232 3840 beate
1252 3768 1372 3841 Marie
1390 3771 1518 3864 virgini
1545 3795 1585 3840 cc

239 3881 406 3952 omnibus
432 3877 559 3952 santtis
584 3878 818 3952 semientium
837 3893 875 3955 et
899 3885 1165 3975 imperpetuum
1191 3880 1448 3952 seruiturorum
1474 3881 1586 3953 facias

239 4003 277 4064 et
294 3988 473 4064 concessas
498 3993 714 4063 auctoritate
740 3991 936 4085 apostolica
953 4005 991 4065 et
1009 3996 1117 4064 etiam
1139 4016 1202 4086 per
1219 3995 1399 4084 quondam
1426 3993 1586 4088 preclare

238 4103 412 4175 memorie
437 4102 556 4196 Reges
579 4101 704 4173 Scotie
728 4102 890 4176 Comites
916 4106 962 4177 de
989 4104 1074 4176 Mar
1096 4115 1133 4175 et
1159 4100 1419 4196 predecessores
1447 4101 1585 4174 nostros

238 4212 422 4310 episcopos
447 4210 596 4285 ecclesie
620 4212 890 4286 Abordonensrs
915 4215 1092 4308 prelibate
1118 4216 1162 4286 ad
1193 4215 1342 4307 plenum
1368 4216 1586 4309 perlegimus

238 4338 276 4398 et
303 4323 525 4418 inspeximus
547 4334 761 4416 maturaque
779 4325 1040 4398 deliberatione
1062 4325 1250 4419 prehabita
1267 4349 1349 4397 curn
1376 4325 1586 4421 iurisperitis

236 4460 298 4510 eas
326 4459 453 4507 omnes
478 4445 517 4506 et
543 4432 699 4530 singulas
725 4437 937 4509 donationes
955 4440 1105 4508 uniones
1131 4439 1435 4530 incorporationes
1461 4449 1499 4510 et
1525 4463 1587 4510 an-

236 4551 412 4622 nexiones
446 4550 609 4619 omnium
639 4559 678 4619 et
708 4544 927 4643 singularum
963 4546 1193 4620 ecclesiarum
1225 4553 1473 4621 communium
1507 4575 1587 4645 pre-2
