4050 5534
249 631 357 727 aar]
721 597 1125 709 nanaoou'musn.
1476 708 1479 713 ,
1521 635 1587 710 oo]

249 832 295 903 de
311 832 562 906 inobedienoia
572 834 786 927 reprehendi
800 859 884 931 ymo
900 838 1022 930 potius
1036 837 1082 908 de
1095 837 1308 910 obediencia
1326 838 1591 909 commendari·

249 941 388 1016 Datum
405 945 523 1018 Rome
539 947 635 1040 apud
654 945 826 1019 sanetum
844 947 995 1020 Petrum
1013 947 1116 1021 sexto
1135 948 1223 1021 Idus
1237 947 1451 1022 Decembris
1469 952 1588 1044 ponti-

249 1057 377 1130 iioatus
393 1054 504 1130 nostri
520 1081 616 1130 anno
633 1060 777 1153 primo·
872 1157 876 1164 ⁴

248 1391 359 1464 Bulla
374 1393 526 1466 fratrum
542 1391 729 1489 hospitalis
747 1393 1024 1468 Ierosolimitani
1042 1399 1137 1490 quod
1155 1422 1228 1471 non
1246 1399 1355 1472 lieeat
1373 1423 1590 1494 quemquam

248 1503 341 1600 ipsoe
358 1505 548 1579 molestare
566 1506 624 1579 vel
641 1505 922 1581 iurisdietionem
939 1510 976 1580 iu
996 1533 1058 1582 eos
1076 1534 1247 1584 exeruere
1265 1553 1273 1571 ·

251 1703 500 1806 Innoeenoiue
523 1729 648 1804 seruus
665 1729 850 1803 seruorum
877 1729 947 1803 Dei
967 1736 1232 1810 venerabilibus
1257 1738 1429 1812 frutribus
1455 1740 1592 1814 arehie-

248 1843 401 1940 pisoopis
426 1855 465 1916 et
490 1843 665 1940 episeopis
681 1838 729 1916 ¹et
755 1844 895 1916 diledbis
929 1844 1013 1939 filijs
1038 1850 1298 1923 archidiaconia
1322 1853 1368 1924 ad
1395 1875 1484 1946 quos
1511 1876 1592 1948 pre·

224 1954 367 2029 'sentes
392 1957 498 2030 litere
520 1957 754 2052 peruenerint
777 1953 930 2036 salutem
953 1966 993 2028 et
1018 1957 1250 2051 apostolicam
1274 1965 1588 2036 benedittionem·

249 2069 343 2141 Cum
369 2070 491 2142 diletti
507 2070 572 2164 filij
600 2071 730 2142 fratres
755 2063 1034 2141 Ierosolimitani
1058 2071 1245 2167 hospitalis
1263 2075 1406 2147 nullum
1431 2076 1590 2149 habeant

248 2179 452 2277 episcopum
481 2183 538 2256 vel
564 2180 744 2276 prelatum
769 2190 892 2275 preter
916 2178 1122 2255 Romanum
1150 2186 1362 2279 pontificem
1388 2198 1426 2260 et
1446 2185 1590 2282 speciali

247 2297 476 2391 prerogatiua
487 2296 670 2391 gaudeant
682 2293 933 2366 libertate-voa
950 2317 1024 2365 non
1042 2295 1148 2368 decet
1164 2299 1278 2370 ineos
1296 2299 1354 2371 vel
1365 2299 1514 2372 oleriooa
1527 2312 1591 2372 aut

248 2404 416 2480 eeclesias
444 2430 567 2479 eorum
592 2408 632 2477 in
657 2405 789 2500 quibus
813 2401 1032 2498 potestatem
1058 2405 1333 2483 ecelesiasticam
1358 2436 1433 2484 non
1450 2412 1591 2485 habetis

248 2518 380 2614 absque
405 2520 577 2593 mandato
603 2514 724 2589 nostro
749 2519 1136 2592 excommunicationis
1158 2522 1216 2594 vel
1242 2524 1424 2595 interdibti
1450 2520 1592 2596 senten·

247 2633 338 2705 tiam
350 2633 578 2728 promulgare
590 2628 671 2702 ··sod
683 2626 711 2702 fi
722 2629 865 2723 quando
876 2651 940 2701 vos
954 2631 1012 2702 vel
1023 2629 1184 2704 subditos
1198 2629 1331 2707 vestros
1342 2636 1451 2729 ijdem
1464 2637 1591 2709 fratres

248 2743 380 2817 iniuste
397 2745 630 2840 grauauerint
646 2765 787 2837 perros
800 2749 865 2814 aut
882 2745 1034 2815 nuncios
1047 2740 1183 2817 vestroe
1195 2746 1240 2817 ad
1254 2744 1460 2819 Romanum
1473 2751 1592 2844 ponti·

247 2853 703 2953 fieemiignifioaredebetis
713 2879 756 2926 ao
766 2878 831 2948 per
839 2851 1009 2948 ipsumde
1019 2857 1404 2931 memoratisfrntribna
1414 2856 1591 2933 iusticiam

248 2974 413 3066 optinere
431 3011 439 3028 ·
454 2969 547 3040 Inde
564 2964 619 3040 est
638 2964 773 3063 [qnod]
793 2964 1020 3042 vniuerfitati
1038 2965 1153 3040 vestre
1170 2992 1234 3063 per
1250 2966 1446 3064 apostoliea
1461 2971 1593 3067 scripta
1736 2981 1742 2996 '

246 3083 478 3181 precipiendo
488 3082 702 3154 mandamus
715 3081 887 3173 quatinus
897 3081 935 3150 in
952 3081 1131 3174 predittos
1148 3081 1278 3153 fratres
1290 3080 1514 3157 seuolorioos
1525 3095 1591 3156 ant

246 3201 284 3270 in
307 3192 475 3270 ecelesiae
492 3217 617 3267 eorum
634 3196 673 3264 in
699 3192 830 3286 quibus
846 3193 1099 3265 andoritatem
1125 3213 1351 3287 nequaquam
1369 3196 1511 3270 habetis
1529 3220 1592 3269 ex-

247 3310 584 3383 communicationis
602 3306 660 3378 vel
686 3301 871 3377 interdidti
888 3301 1107 3376 sententiam
1131 3306 1360 3402 promulgare
1381 3309 1590 3382 nullatenus

247 3421 459 3519 presumatis
476 3444 544 3493 neo
561 3442 623 3492 eos
640 3418 711 3496 alia
732 3418 897 3488 indebita
914 3419 1108 3489 vexatione
1131 3419 1292 3513 grauetia
1308 3417 1369 3491 sed
1396 3443 1482 3516 erga
1496 3419 1590 3515 ipsos

247 3534 374 3607 taliter
388 3556 452 3605 roe
467 3532 632 3603 habeatis
649 3530 746 3623 quod
763 3553 838 3600 non
856 3529 1014 3602 habeant
1031 3528 1200 3602 aduersus
1220 3554 1281 3602 voe
1298 3535 1488 3605 materiam
1506 3558 1590 3606 eon-

247 3645 457 3741 querelandi
473 3681 483 3700 ·
499 3640 624 3716 soituri
642 3642 737 3735 qnod
758 3638 784 3713 fi
801 3641 1015 3713 mandatum
1033 3638 1193 3714 nostrum
1210 3643 1443 3716 neclexeritis
1467 3647 1506 3716 in
1523 3646 1591 3718 hae

247 3767 350 3853 parte
361 3757 546 3828 dimittere
556 3777 631 3826 non
641 3754 842 3848 poterimus
852 3755 940 3846 quin
955 3751 1088 3826 eisdem
1099 3755 1270 3828 fratribus
1282 3757 1321 3827 in
1333 3753 1396 3829 sua
1412 3754 1590 3830 iusticiafi

248 3873 293 3944 ad
314 3892 382 3943 noa
404 3866 589 3962 querelam
617 3866 765 3938 interim
791 3861 1022 3960 deposuerint
1048 3866 1242 3939 effioaoiter
1274 3869 1463 3962 prouidere
1490 3894 1591 3944 oure-

248 4007 328 4056 mns
344 4023 353 4039 ·
372 3980 509 4054 Datum
541 3978 712 4076 Lugduni
733 4000 829 4048 nono
857 3977 1082 4072 Septembris
1107 3979 1340 4072 pontificatus
1365 3979 1476 4055 nostri
1493 4007 1589 4056 anuo

248 4096 349 4169 sexto
364 4139 373 4155 ·
