4050 5534
249 657 350 753 xva]
715 651 1118 726 nnnanonnnsn.
1187 607 1189 612 ’
1245 677 1247 680 -
1514 663 1585 729 aaa

249 869 383 930 terram
396 855 577 927 Willelmi
589 855 708 950 Gryno
718 877 765 926 ex
775 861 878 947 parte
891 848 1034 925 australi
1047 863 1085 925 et
1102 853 1268 927 orientali
1283 864 1321 926 et
1337 856 1431 926 viam
1447 855 1583 949 regiam

250 968 372 1043 versus
394 968 560 1041 occidens
576 1005 586 1025 ·
603 976 643 1040 et
659 969 705 1039 do
728 988 798 1038 vna
815 967 930 1037 crofta
947 967 1031 1037 diui
1049 965 1228 1038 Willelmi
1247 969 1389 1040 iacente
1408 968 1453 1041 ad
1472 968 1583 1038 finem

249 1084 319 1156 rici
350 1082 529 1153 furcarum
559 1081 655 1152 inter
681 1079 831 1151 crustam
861 1079 1043 1171 quondam
1069 1076 1270 1151 Alexandri
1301 1077 1505 1175 Howysone
1537 1102 1582 1151 ex

249 1205 352 1290 parte
368 1193 495 1267 boriali
513 1201 552 1265 et
565 1194 653 1266 duaa
665 1193 741 1264 vias
750 1187 996 1287 regiasversua
1014 1193 1132 1264 oriens
1151 1201 1188 1264 et
1207 1190 1366 1264 austrum
1384 1232 1392 1250 ·

297 1416 481 1492 Vicesrmo
498 1420 624 1512 quinto
641 1419 700 1489 die
716 1415 741 1488 J
743 1417 818 1509 unij
835 1418 876 1486 in
893 1413 982 1487 festo
996 1409 1106 1487 sautu
1124 1415 1262 1488 Moloci
1281 1415 1344 1488 liat
1357 1411 1505 1510 fingulio
1519 1439 1581 1486 an-

248 1535 305 1606 nio
317 1533 611 1606 commemoratio
623 1554 687 1624 pro
705 1528 835 1622 quibua
848 1525 1018 1623 magister
1031 1527 1230 1600 Dunoanus
1247 1527 1400 1601 Scherar
1410 1529 1526 1600 remor
1538 1528 1582 1598 de

248 1645 332 1719 Clat
342 1669 443 1718 orare
454 1653 601 1717 tenetur
617 1645 735 1715 eterit
751 1638 944 1734 solempnia
956 1636 1057 1712 milla
1074 1643 1112 1712 in
1129 1664 1226 1712 nouo
1243 1640 1395 1737 collegio
1413 1637 1584 1714 vniuersr-

248 1762 335 1832 tatio
351 1757 520 1830 videlicet
536 1753 646 1827 fausti
664 1754 801 1826 Molooi
820 1755 865 1824 do
887 1761 976 1824 nota
1001 1755 1046 1826 ad
1072 1776 1244 1849 magnum
1268 1752 1380 1826 altare
1404 1777 1487 1826 oum
1505 1752 1584 1847 alijo

247 1871 397 1963 priuatis
421 1863 531 1940 miffis
547 1867 698 1941 aliorum
725 1865 952 1937 dominorum
978 1861 1226 1961 magistrorum
1253 1875 1292 1936 et
1317 1865 1584 1959 capellanorum

245 1982 479 2058 fundatorum
503 1991 542 2052 et
568 1979 834 2051 fundandorum
862 1977 949 2049 dum
980 1979 1113 2048 vixerit
1143 2017 1151 2034 ·
1184 1973 1269 2048 Post
1296 1979 1398 2050 ouius
1428 1988 1583 2049 mortem

245 2092 527 2167 anniuersarium
552 2089 734 2185 solempne
759 2091 818 2162 die
845 2089 965 2161 obitus
987 2088 1040 2161 sui
1063 2099 1238 2183 perpetuo
1257 2089 1460 2162 celebretur
1477 2100 1584 2183 prout

245 2209 354 2278 moria
384 2203 437 2278 est
459 2229 524 2299 pro
553 2205 632 2297 aliJs
662 2203 843 2276 canonicis
872 2205 912 2273 in
942 2204 1036 2274 ditio
1070 2201 1258 2297 collegio·
1287 2226 1352 2297 pro
1382 2223 1454 2295 quo
1484 2203 1584 2274 dedit

247 2317 353 2392 dietis
369 2314 546 2413 magistris
564 2316 948 2409 dominisoappellanis
965 2323 1005 2386 et
1021 2315 1141 2408 pueris
1159 2315 1319 2387 fundatio
1336 2323 1374 2386 et
1392 2316 1585 2387 fundandis

247 2434 286 2503 iu
312 2432 407 2503 dioto
433 2453 528 2502 nouo
553 2429 706 2524 collegio
732 2423 974 2500 vniuerfitatis
1000 2422 1260 2498 Abirdonenfia
1285 2450 1397 2499 vnum
1423 2451 1582 2500 annuum
1625 2491 1628 2502 .

246 2545 429 2615 redditum
465 2565 516 2613 xx
545 2544 575 2614 ἔ.
609 2542 796 2613 annuatim
834 2539 1030 2613 leuandum
1075 2540 1120 2610 de
1154 2547 1251 2612 terra
1290 2540 1468 2613 Rechardi
1502 2539 1584 2611 Hill

248 2659 390 2728 iacente
406 2656 445 2725 in
461 2655 575 2748 burgo
593 2647 834 2725 Abirdonenfi
852 2655 890 2724 in
915 2655 995 2725 vico
1022 2653 1204 2724 furcarum
1226 2676 1272 2724 ex
1289 2653 1455 2724 orientali
1481 2665 1583 2746 parte

248 2764 405 2840 eiusdem
423 2768 492 2838 vici
509 2767 606 2837 iuter
621 2775 755 2838 terram
772 2763 797 2836 J
799 2767 949 2838 ohannis
967 2761 1147 2839 Collisono
1165 2787 1211 2835 ex
1232 2761 1377 2837 australi
1394 2774 1433 2837 et
1450 2775 1583 2838 terram
1716 2823 1722 2846 ,

249 2881 428 2974 quondam
446 2877 615 2950 Dunoani
627 2877 806 2950 Lundorio
819 2898 866 2949 ex
882 2876 1009 2950 boriali
1027 2886 1134 2969 prout
1151 2878 1189 2948 in
1215 2877 1346 2949 litteris
1364 2877 1583 2950 fundationis

249 2994 334 3065 diui
343 2988 502 3088 magistri
519 2989 687 3064 Dunoani
706 2989 847 3083 plenius
864 2993 1073 3064 continetur
1092 3031 1099 3046 ·
