4050 5534
246 638 332 733 η]
712 638 1115 713 Annnnonnnsn.
1513 652 1581 727 169

247 862 385 935 eopum·
410 882 418 897 ·
444 840 541 913 Item
566 851 721 934 quatuor
740 838 954 913 candelebra
976 840 1047 916 elio
1070 845 1220 937 entique
1241 867 1356 924 ereo·
1380 846 1479 918 Item
1507 849 1579 921 duo

244 948 460 1027 eandelebra
487 976 551 1047 pro
592 974 724 1049 magno
757 951 863 1025 elteri
898 953 983 1025 dete
1019 977 1085 1048 per
1121 955 1309 1027 dominum
1348 955 1581 1032 Willelmum

244 1066 353 1161 Rynd
377 1064 638 1139 thesaurarium
666 1086 777 1137 vnum
801 1065 918 1139 obfuit
940 1077 1104 1160 tempore
1121 1090 1192 1159 quo
1218 1066 1404 1140 Johnnnes
1433 1068 1579 1145 Brovne

243 1176 314 1249 init
327 1175 474 1251 sacrista
499 1218 508 1235 ·
535 1176 633 1249 Item
649 1188 804 1270 quatuor
828 1174 962 1251 euffine
979 1179 1065 1251 dete
1089 1200 1155 1273 per
1171 1179 1357 1251 dominum
1378 1178 1580 1255 Henrioum

245 1290 429 1363 Liehtoun
468 1327 478 1349 ·
513 1288 609 1361 Item
641 1311 754 1361 vnum
795 1299 961 1383 tapetum
998 1292 1143 1387 nigrum
1183 1301 1329 1365 textum
1365 1288 1454 1367 rofio
1487 1296 1579 1369 olbis

244 1403 382 1477 bleneie
424 1404 645 1474 intermixtis
679 1426 727 1475 ex
768 1404 861 1475 dono
903 1402 1040 1475 domini
1082 1402 1229 1477 Rionrdi
1272 1402 1407 1479 Forbes
1448 1409 1576 1481 deceni

245 1512 513 1588 Aberdonenfie
529 1554 538 1571 ·
557 1513 653 1587 Item
670 1536 777 1587 vnem
788 1514 957 1588 inoudem
972 1538 1141 1611 magnam
1153 1538 1218 1611 pro
1231 1520 1412 1591 canonicis
1428 1519 1578 1595 eoolefle

244 1628 368 1700 dotem
383 1650 449 1722 per
457 1626 643 1699 dominum
654 1624 1183 1700 HenrienmAbberdonensem
1200 1627 1314 1701 ·Item
1324 1653 1395 1703 vno
1407 1634 1578 1707 cathedra

85 1778 87 1787 »
243 1740 377 1812 ferree·
390 1738 489 1812 Item
500 1762 523 1811 a
534 1736 696 1811 eresoent
706 1740 746 1811 in
757 1736 1215 1813 medioeeelefieorienteli
1226 1741 1432 1835 deentiquo
1449 1784 1458 1802 ·
1477 1744 1575 1820 Item

242 1852 314 1925 dno
343 1850 518 1924 sotulares
534 1848 653 1923 nostre
677 1852 824 1926 domine
843 1874 926 1925 cum
950 1853 1090 1926 duobus
1113 1852 1272 1925 berillis·
1308 1853 1405 1927 Item
1420 1880 1443 1929 a
1459 1853 1577 1933 sterne

243 1965 288 2037 de
315 1966 466 2058 antiquo
496 1987 615 2036 eorem
645 1961 765 2037 nostre
791 1964 936 2038 domine
971 1966 1010 2037 in
1043 1967 1128 2060 neuj
1156 1962 1346 2040 eoelefie·
1395 1967 1493 2043 Item
1528 1974 1577 2068 vij

243 2073 383 2171 sternyo
400 2100 492 2149 enee
518 2077 563 2148 de
588 2077 682 2149 dono
708 2076 888 2149 Willelmi
918 2075 1073 2172 episcopi
1097 2078 1261 2151 moderni
1281 2122 1290 2139 ·
1342 2079 1440 2154 Item
1465 2106 1576 2156 vnum

243 2188 498 2262 candelabrum
532 2196 618 2260 ente
651 2211 823 2283 magnum
856 2187 969 2262 altare
998 2212 1083 2261 oum
1117 2190 1308 2264 duodecim
1337 2194 1575 2271 luminaribus

243 2323 290 2373 ex
307 2301 401 2373 dono
418 2297 577 2372 eiusdem
594 2337 603 2357 ·
653 2298 750 2373 Item
773 2324 884 2372 vnum
900 2301 1078 2374 luminare
1094 2322 1215 2375 eorem
1230 2302 1350 2379 nostre
1374 2307 1521 2381 domina
1537 2312 1575 2381 in

243 2417 328 2487 neni
356 2406 505 2487 eoelefie
522 2413 648 2486 dotum
675 2436 740 2507 per
754 2409 963 2509 magistrum
979 2413 1166 2487 Andreem
1181 2413 1276 2487 Liell
1293 2416 1575 2493 thesaurarium·

246 2526 362 2623 [Item
376 2548 487 2598 vnum
500 2524 612 2619 lepor
627 2527 767 2620 toyggio
783 2548 848 2620 pro
861 2524 983 2601 hostiis
995 2525 1187 2621 pensandis
1211 2529 1338 2602 dotum
1351 2553 1416 2626 per
1433 2531 1579 2621 wille]-

244 2662 344 2712 mnm
361 2636 567 2734 episcopum
583 2638 794 2709 modernum
812 2635 843 2731 ·]

244 2976 415 3051 Vifitetio
431 2975 604 3071 jocalium
621 2970 772 3047 ecelefie
788 2973 1057 3047 Aberdonenfis
1073 2976 1169 3051 eea
1185 3002 1211 3050 x
1227 2979 1287 3050 die
1299 2978 1430 3053 menfio
1447 2981 1578 3080 Meroij

244 3112 337 3161 anno
363 3088 513 3161 Domini
530 3106 674 3159 mcccc.
697 3084 925 3182 nonagefimo
949 3087 1101 3183 septimo
1130 3092 1324 3163 coneordat
1348 3094 1387 3163 in
1412 3098 1579 3170 omnibus

244 3224 325 3273 enm
339 3198 535 3295 presciipte
545 3195 749 3271 visitatione
765 3200 834 3271 hoe
847 3199 969 3273 addito
982 3201 1080 3294 qnod
1088 3204 1318 3296 reperiuntur
1328 3205 1399 3277 due
1416 3205 1577 3283 eleusure

245 3311 784 3409 argenteedemegnobreuierio
795 3310 1042 3385 metentibus
1049 3312 1579 3417 CentoreThesaurerioObyne

245 3423 532 3499 crowdaneclat
542 3421 633 3496 Deir
641 3422 834 3497 Aberdonr
845 3420 1044 3498 Tulineffill
1057 3424 1211 3499 Kinkell
1238 3426 1448 3505 Monimuik
1464 3445 1503 3507 et
1519 3458 1579 3507 me

244 3536 411 3612 Johenne
428 3536 621 3630 Kennerty
637 3539 776 3610 noterio
793 3547 832 3608 et
848 3533 962 3609 scriba
978 3531 1132 3632 capituli
1146 3580 1155 3595 ·
1232 3630 1237 3640 ⁹

246 3871 418 3955 Vifitntio
428 3874 601 3968 joonlium
631 3869 780 3945 ecclesie
802 3874 1017 3949 cathedralis
1039 3864 1309 3952 Aberdonenfle
1333 3881 1428 3957 nea
1451 3886 1577 3982 xxiiij⁶⁰

246 3988 304 4061 die
320 3981 452 4059 menfie
469 3984 655 4080 Februarij
671 4008 766 4057 anno
783 3984 932 4058 Domini
957 4005 1101 4060 mcccc.
1119 3985 1348 4086 nonagesimo
1364 3997 1492 4069 οᾶαιιο
1515 4023 1581 4094 per

246 4100 422 4173 decenum
450 4094 709 4169 thesaurarium
733 4098 986 4171 eaneeltartum
1016 4097 1145 4193 Obyne
1170 4098 1389 4199 Banquhory
1413 4107 1580 4207 Lunmey

247 4210 336 4283 Deir
353 4206 547 4283 Coldstene
570 4204 769 4282 'Iulineffill
787 4211 980 4283 concordet
993 4232 1077 4285 enm
1091 4211 1318 4309 retroscripte
1334 4214 1536 4296 visitatione
1553 4264 1562 4281 ·

250 4549 329 4646 [xvj
356 4549 415 4620 die
437 4546 566 4641 Mareij
586 4566 657 4619 nn.
684 4547 1099 4645 m.cccc.x01x.Ymego
1124 4549 1268 4623 domine
1294 4550 1414 4628 nostre
1438 4558 1485 4630 de
1508 4562 1583 4654 pie·

297 4682 381 4734 von.
399 4680 441 4731 11.
903 4679 930 4731 Υ
