4050 5534
242 660 323 760 xe]
433 687 446 706 ·
709 655 1114 730 Annanounasn.
1541 667 1586 739 79

240 852 346 947 usquc
363 852 443 950 post
457 858 610 950 primam
629 854 819 928 collectam
834 895 843 913 ·
858 852 1022 926 fimiliter
1034 855 1154 927 fiatad
1166 811 1355 950 vesperae·
1375 829 1478 929 idem
1497 861 1584 930 ordo

239 966 400 1040 seruetur
415 969 462 1040 ad
479 969 680 1040 matutinae
706 968 813 1039 beate
832 966 950 1038 Mario
967 967 1116 1061 virginis
1133 969 1277 1059 quando
1294 970 1340 1040 de
1357 969 1484 1041 eadem
1510 993 1583 1041 non

239 1079 278 1147 iit
294 1079 443 1172 plenum
462 1076 651 1152 seruicium
665 1075 757 1150 ficut
774 1076 880 1173 supra
892 1079 1029 1151 dicum
1043 1075 1149 1151 estet
1163 1076 1327 1152 similiter
1340 1081 1385 1152 ad
1399 1079 1582 1175 vesperas·

296 1289 357 1361 De
373 1287 528 1362 statione
545 1291 590 1361 ad
608 1285 745 1361 miffam
763 1290 929 1362 facienda
944 1299 1021 1362 tam
1039 1289 1078 1360 in
1095 1287 1195 1362 festis
1212 1311 1320 1383 quam
1337 1291 1376 1362 in
1394 1292 1492 1385 ferija
1510 1334 1518 1350 ·

238 1513 296 1583 Ad
321 1511 458 1585 missam
485 1523 609 1585 autem
635 1534 761 1584 omncs
785 1512 907 1584 clerici
933 1509 1027 1584 stare
1052 1522 1228 1584 tenentur
1244 1510 1309 1584 nifi
1328 1515 1415 1586 dum
1433 1512 1583 1607 epistola

239 1623 292 1694 vei
306 1623 416 1696 lectio
429 1625 564 1719 legitur
576 1665 585 1682 ·
599 1624 760 1719 gradalia
772 1625 830 1694 vel
842 1626 977 1696 tracus
990 1646 1074 1695 cum
1087 1622 1158 1696 suis
1172 1620 1354 1696 versiculis
1365 1635 1559 1698 cantantur
1574 1669 1581 1682 ·

239 1732 280 1804 ln
306 1735 475 1808 omnibus
492 1758 577 1807 vero
595 1731 693 1808 festia
710 1735 914 1829 duplicibus
932 1732 1024 1806 stare
1042 1735 1179 1807 debent
1203 1758 1329 1808 omnes
1356 1735 1476 1808 clerici
1495 1738 1582 1808 dum

237 1845 375 1919 achoro
392 1867 609 1919 omnaque
627 1856 798 1919 cantatur
807 1855 847 1918 et
857 1847 902 1918 ad
921 1844 1085 1939 vesperas
1097 1848 1136 1916 in
1154 1849 1212 1918 dic
1230 1845 1359 1942 pasche
1369 1872 1451 1920 cum
1467 1851 1582 1921 tribus

238 1959 362 2030 diebus
372 1955 740 2052 sequentibus-pueri
751 1980 836 2029 vero
849 1954 920 2028 fint
931 1953 1067 2028 stantes
1077 1959 1123 2028 ad
1136 1955 1273 2030 miffam
1286 1959 1394 2030 choro
1406 1972 1580 2032 canente·

239 2067 409 2142 Rettoree
422 2093 506 2142 vero
519 2071 617 2143 chori
635 2092 719 2142 cum
732 2071 804 2140 duo
817 2079 963 2141 tantum
974 2069 1154 2140 habentur
1170 2066 1370 2162 sequuntur
1383 2095 1448 2166 per
1461 2077 1583 2146 omnia

237 2180 396 2274 regulam
423 2182 635 2255 clericorum
661 2183 706 2252 de
731 2179 888 2253 secunda
912 2181 1027 2252 forma
1053 2190 1129 2252 tam
1150 2182 1195 2253 ad
1214 2181 1378 2276 vesperas
1403 2207 1510 2276 quam
1537 2187 1582 2256 ad

238 2296 433 2365 matutinae
454 2294 554 2366 etad
581 2289 716 2365 missam
743 2289 809 2364 nisi
833 2293 929 2385 quod
947 2288 1088 2386 semper
1113 2293 1199 2364 dum
1225 2294 1355 2366 chorus
1383 2315 1583 2368 antonum

238 2407 333 2476 canit
357 2402 451 2477 stare
475 2414 675 2476 tenentur·
692 2415 731 2475 et
756 2406 794 2474 in
820 2405 1087 2497 inceptionibus
1113 2417 1287 2477 cantuum
1313 2405 1358 2478 ad
1384 2403 1520 2480 miisam
1538 2410 1584 2479 ad

237 2516 348 2587 altare
374 2515 411 2588 se
438 2526 656 2588 conuertant
685 2555 694 2572 ·
723 2518 761 2586 in
787 2515 993 2610 duplicibus
1021 2539 1106 2587 vero
1136 2515 1235 2588 festis
1264 2541 1389 2590 omnes
1419 2529 1584 2590 cantores

238 2629 332 2698 chon'
345 2624 488 2722 gestum
501 2629 601 2701 chori
618 2651 683 2720 per
699 2629 822 2699 omnia
838 2629 1052 2699 imitentur·
1068 2625 1147 2722 post
1164 2631 1316 2723 primam
1332 2652 1416 2702 vero
1434 2633 1472 2702 in
1490 2635 1586 2727 capi·

237 2739 313 2810 tulo
329 2737 424 2814 stare
443 2749 619 2812 tenentos
636 2761 762 2810 omnen
778 2739 900 2810 clerici
928 2742 1013 2810 dum
1034 2738 1140 2812 lectio
1157 2741 1203 2811 de
1221 2741 1425 2837 martilogio
1452 2743 1585 2837 legitur

237 2863 272 2922 et
288 2853 422 2924 abhinc
435 2849 544 2944 vsque
562 2852 607 2923 ad
626 2851 914 2923 benedictionem
930 2848 1039 2943 super
1055 2850 1295 2943 lectioneque
1313 2852 1447 2948 legitur
1463 2851 1583 2925 statim

237 2961 313 3055 post
330 2964 495 3036 vltimam
513 2965 714 3036 orationem
732 3003 740 3020 ·
759 2964 905 3034 interim
924 2963 1019 3033 enim
1039 2959 1187 3034 sedeant
1205 2985 1331 3034 omnes
1355 2963 1476 3036 clerici
1494 3005 1502 3020 ·
1522 2965 1583 3036 Ad

237 3071 372 3146 miffam
398 3074 599 3167 quamlibet
624 3097 695 3167 que
720 3075 765 3144 de
791 3059 881 3146 feria
906 3075 1040 3145 dicitur
1065 3084 1170 3146 extra
1195 3083 1342 3167 tempus
1368 3073 1495 3167 pasche
1521 3078 1585 3149 fiat

237 3184 425 3278 prostratio
452 3184 573 3258 statim
599 3183 679 3280 post
704 3205 871 3257 caucana
897 3184 1006 3279 vsque
1034 3205 1111 3256 aux
1140 3205 1284 3257 nomm
1312 3227 1320 3244 ·
1350 3185 1522 3259 Preterea
1545 3191 1583 3260 in

237 3294 454 3392 sexagesima
469 3299 507 3368 in
525 3298 733 3390 inceptione
750 3293 941 3368 cuiussibet
958 3298 1046 3368 hore
1064 3307 1102 3367 et
1120 3296 1268 3369 laudum
1282 3297 1345 3368 fiat
1362 3297 1585 3392 genufleccio

238 3412 379 3501 quando
397 3412 444 3480 de
461 3412 550 3482 feria
567 3410 700 3481 dicitur
717 3406 826 3501 vsque
851 3408 896 3480 ad
923 3431 1051 3480 cenam
1070 3409 1206 3478 domini
1225 3448 1233 3463 ·
1253 3407 1457 3482 Prostratus
1474 3413 1583 3484 etiam

238 3523 346 3592 debet
364 3517 433 3592 effe
450 3522 581 3593 chorus
598 3524 637 3592 in
654 3521 753 3591 omni
771 3520 861 3591 feria
876 3521 1021 3612 quando
1041 3520 1086 3590 de
1104 3520 1192 3590 feria
1218 3522 1339 3615 agitur
1363 3531 1467 3594 extra
1492 3533 1586 3594 tem-

239 3655 304 3725 pus
316 3630 445 3726 pasche
458 3641 497 3705 et
509 3635 548 3704 in
562 3633 694 3727 vigilijo
710 3640 935 3703 mortuorum
952 3633 1064 3702 tiium
1084 3630 1279 3703 lectionum
1293 3634 1339 3703 ad
1353 3653 1520 3706 runcano
1539 3661 1585 3708 ex

238 3767 309 3836 quo
327 3744 461 3817 dicitur
476 3746 633 3838 primum
651 3765 776 3816 naam
794 3745 909 3814 donec
927 3743 1070 3814 dicatur
1087 3741 1215 3814 vltima
1228 3745 1344 3815 oratio
1362 3746 1407 3816 ad
1426 3766 1584 3818 malon·

238 3857 323 3928 dum
343 3858 476 3928 dicitur
501 3876 626 3927 Panna
651 3876 799 3927 noeane
823 3867 910 3927 ante
932 3855 1105 3926 lettiones
1131 3855 1195 3926 fiat
1221 3857 1332 3927 ctiam
1358 3852 1586 3948 prostratioa

238 3979 317 4038 toto
334 3968 443 4039 choro
469 3965 655 4060 quousque
672 3968 805 4038 dicitur
822 3986 870 4036 un
888 3986 940 4036 aa
958 3986 1030 4037 noa
1047 3962 1126 4060 post
1150 3964 1327 4058 psalmum
1346 3987 1588 4040 annnnlcnns

238 4081 366 4150 eodem
383 4080 491 4149 modo
517 4076 597 4171 post
621 4076 799 4170 psalmum
824 4097 1062 4148 unommcnn
1080 4078 1124 4148 ad
1144 4097 1313 4148 runcano
1332 4117 1339 4132 ·
1360 4076 1532 4150 Preterea
1550 4083 1585 4150 in

239 4192 336 4282 ferije
370 4190 417 4261 ab
449 4190 657 4282 inceptione
685 4209 709 4260 o
739 4207 939 4259 samonem
973 4186 1082 4282 vsque
1115 4189 1161 4259 ad
1189 4188 1348 4282 vigiliam
1385 4191 1588 4262 natiuitatis

239 4303 377 4373 domini
415 4323 488 4371 non
521 4300 618 4372 finnt
661 4296 915 4393 prostrationes
949 4342 958 4357 ·
994 4304 1032 4371 in
1066 4299 1245 4393 obsequijs
1279 4310 1504 4373 mortuorum
1543 4307 1588 4375 ad

240 4432 408 4484 paccano
433 4435 501 4483 nec
518 4413 564 4483 ad
582 4432 720 4483 naaion
746 4433 814 4482 nec
830 4412 876 4483 ad
895 4411 1020 4484 laudes
1037 4413 1181 4502 quando
1208 4408 1384 4504 expositio
1410 4417 1589 4510 euangelij

239 4528 285 4598 ad
302 4526 503 4596 matutinas
521 4524 567 4595 de
585 4525 644 4596 die
660 4523 839 4594 habeatur
856 4563 864 4580 ·
