4050 5534
696 663 1100 740 ABERDONENSE.

614 1002 689 1053 nox
702 1004 823 1053 nsum
837 1002 953 1055 nones
966 988 1022 1076 xij.
1066 1004 1147 1055 nme
1161 988 1215 1075 xij.

240 1286 254 1372 j
351 1286 467 1373 yxvj
483 1284 559 1351 Kal.
645 1282 779 1352 Nininni
793 1288 929 1376 episcopi
944 1338 952 1356 .
968 1288 1098 1355 infesius
1113 1288 1238 1379 duplex.

351 1400 385 1463 A
415 1421 458 1463 xv
472 1397 549 1463 Καὶ,
643 1400 809 1468 Lamberti
822 1402 958 1490 episcopi
972 1412 1005 1467 et
1019 1400 1165 1491 martyris
1180 1452 1189 1471 .
1203 1404 1235 1492 iij
1252 1404 1432 1473 lectionum.

244 1510 277 1574 ix
352 1512 372 1575 b
415 1509 481 1598 xiiij
497 1508 573 1575 Kal.

351 1647 367 1687 c
415 1620 556 1711 xiinnl

245 1735 307 1820 xvij
353 1738 377 1799 d
418 1734 461 1822 xij
478 1732 555 1799 Ksl.

244 1848 274 1934 vj
350 1872 367 1914 e
413 1845 537 1937 ijsl
646 1842 772 1911 Msthei
786 1842 915 1931 apostoli
929 1854 961 1910 et
975 1844 1168 1933 euangeliste
1185 1896 1192 1913 .
1209 1848 1454 1943 minusduplen

344 1962 374 2047 s
414 1983 436 2027 x
451 1958 526 2025 Kal.
648 1957 796 2045 Msusicij
833 1956 1051 2045 sociorumque
1089 1958 1156 2023 eius
1192 1972 1370 2048 martyrum
1402 2010 1409 2025 .
1444 1962 1477 2027 ix
1511 1961 1582 2027 lect.

684 2068 802 2135 Lolnni
815 2068 952 2158 episcopi
967 2118 976 2135 .
991 2070 1025 2133 ix
1039 2068 1221 2135 lectionum.

417 2186 424 2199 '
531 2233 539 2249 .
635 2181 839 2271 Admnpnuni
853 2181 1108 2247 abbatisixlecl.
1123 2182 1292 2249 msdlect.
1308 2184 1492 2275 devirgine.

435 2410 454 2425 '⁸
541 2456 549 2471 .
635 2406 803 2495 Fymberti
823 2408 960 2496 episcopi
986 2418 1020 2472 et
1034 2407 1217 2475 confessosis
1240 2460 1247 2475 .
1271 2408 1375 2475 medie
1398 2409 1490 2477 lectio
1508 2460 1515 2475 .
1533 2410 1583 2475 De

673 2518 820 2585 Firmino
834 2520 869 2585 ix
882 2519 1063 2585 lectionum.

435 2634 443 2649 '
524 2681 532 2698 .
594 2630 1169 2721 -Clprinnietdustinemurtymm

635 2740 751 2811 Cosme
764 2752 799 2807 et
811 2742 963 2809 Damiuni
976 2756 1153 2831 martyrum
1170 2794 1177 2810 .
1193 2744 1225 2833 iij
1241 2744 1421 2812 lectionum.

636 2854 789 2921 Mschnni
797 2856 945 2944 episcopi.
971 2855 1120 2923 Conuulli
1131 2856 1314 2940 confessoris
1330 2910 1337 2923 .
1353 2859 1387 2924 ix
1401 2858 1580 2925 lectionum.

637 2967 805 3034 Michaelis
819 2967 999 3057 archangeli
1015 3016 1023 3034 .
1039 2968 1143 3033 minus
1158 2968 1284 3058 duplex.

347 3104 370 3167 9
411 3079 492 3169 pn'd.
508 3079 584 3147 Kal.
638 3080 829 3169 Hiemnymi
843 3079 1019 3169 pnesbyoesi
1030 3128 1039 3145 .
1051 3078 1182 3145 inferius
1196 3080 1323 3169 duplex.

1341 3282 1573 3292 *-

674 3422 901 3470 cumulum
915 3422 1172 3470 ABERDONENSI.

629 3628 705 3694 olim
740 3626 876 3716 episcopi
904 3623 1143 3691 Abirdonensis.
1192 3625 1340 3692 Vnncnm
1370 3624 1583 3689 anniuersario

630 3740 749 3805 domini
763 3739 789 3805 J
789 3738 923 3804 ohannis
936 3738 1066 3803 Fruster
1080 3737 1196 3804 militis.
1241 3736 1286 3803 Et
1297 3736 1415 3803 domini
1428 3736 1583 3803 Willelmi

631 3852 772 3941 Squsr.
817 3850 885 3933 Qui
898 3850 976 3915 obiit
992 3852 1086 3917 1439.

246 3970 296 4054 xxj
349 3992 366 4033 e
413 3967 444 4055 xj
468 3965 543 4032 Ksl.
586 3964 850 4031 Anniucrsarium
872 3984 929 4051 pro
951 3963 1056 4028 anima
1077 3962 1218 4051 magisui
1240 3958 1337 4026 Alani
1353 3960 1474 4025 Futhes
1493 3984 1585 4026 ceno-

630 4078 695 4144 nici
708 4074 946 4143 Abirdonensis.
976 4074 1059 4157 ‘Qui
1073 4074 1151 4140 obiit
1173 4122 1182 4139 .
1205 4120 1213 4139 .
1238 4122 1246 4137 .

247 4193 306 4279 xxij
345 4194 375 4280 f
415 4216 437 4257 x
467 4190 543 4257 Ksl.
586 4188 852 4257 Anninersurinm
874 4210 932 4276 pro
955 4185 1120 4251 animabus
1145 4184 1287 4273 megisln'
1308 4181 1483 4247 Alexandri
1506 4182 1584 4270 Kyd

630 4302 820 4369 succensetis
844 4298 1083 4365 Abirdonensls.
1127 4296 1172 4363 Et
1187 4296 1305 4362 domini
1321 4292 1479 4363 Gubriclis
1505 4295 1584 4383 Kyd

631 4413 793 4503 capellani.
838 4408 906 4494 Qui
919 4409 997 4477 obiit
1020 4458 1028 4475 .
1051 4458 1092 4476 ..

246 4553 307 4594 m
348 4556 370 4615 φ
412 4530 433 4615 ij
471 4528 547 4595 Knl.
591 4524 852 4593 Anniucrsosium
867 4547 924 4613 pro
939 4519 1362 4611 snimsmagisuiRichsrdi
1375 4519 1497 4587 Forbes
1511 4522 1585 4586 olim

631 4638 741 4705 decani
755 4637 993 4705 Abirdonensis.
1039 4633 1107 4719 Qui
1121 4634 1199 4702 obiit
1214 4656 1297 4701 anno
1312 4632 1444 4701 Domini
1461 4636 1555 4701 1480.
1635 4636 1639 4651 ’
