4050 5534
448 661 517 732 186
959 652 1264 728 uuuleruuu
1622 656 1773 752 [sucum

447 859 541 931 deris
570 858 720 929 dunum
747 856 919 929 librarum
943 854 1082 949 septem
1098 856 1284 927 vuciurum
1306 851 1442 947 ubsque
1464 878 1572 929 csuoe
1595 859 1635 928 iu
1655 858 1774 949 cupite

449 968 563 1041 sedin
581 968 668 1043 duss
688 964 1539 1063 pertesfrsbeperrsptoressepeucminstcs·

499 1076 739 1153 Monstruutie
768 1080 964 1152 eorundem
993 1076 1308 1175 suprascriptorum
1339 1076 1452 1151 iuilur
1482 1080 1604 1153 culicis
1636 1080 1777 1175 urgenti

451 1196 621 1267 deserete
629 1216 693 1287 pro
710 1190 871 1267 custodie
886 1191 1100 1265 venerabilis
1116 1189 1328 1265 incrementi
1339 1214 1425 1265 cum
1436 1188 1627 1267 vilitentur
1645 1192 1777 1264 infirmi

450 1306 616 1401 penderis
632 1306 760 1401 viginti
777 1306 961 1375 vncimum
986 1306 1088 1376 cuius
1112 1326 1201 1377 crux
1227 1302 1340 1377 flu&
1359 1298 1413 1375 est
1428 1306 1468 1377 iu
1488 1302 1697 1377 summitate
1717 1302 1778 1373 led

451 1415 683 1491 conseruate·

501 1531 597 1601 Item
622 1529 716 1602 calix
741 1530 881 1624 urgenti
911 1529 1104 1601 deauratus
1127 1528 1295 1621 penderis
1317 1527 1569 1599 nouemueeim
1597 1530 1780 1599 meismm

451 1666 534 1715 cum
550 1642 745 1713 dimedietu
760 1663 824 1733 pro
841 1636 904 1712 vsu
921 1641 1130 1733 quotidisuc
1145 1634 1294 1711 ecclefie
1310 1648 1350 1711 et
1365 1640 1520 1712 crstcric
1536 1636 1695 1711 elusum
1715 1679 1724 1694 ·
1753 1627 1756 1639 '

501 1754 596 1825 Item
622 1750 717 1823 culix
743 1774 789 1823 ex
807 1774 893 1823 suro
909 1748 1091 1845 puriffimc
1107 1751 1276 1846 ponderis
1292 1752 1404 1823 trium
1420 1752 1592 1825 libnrum
1607 1762 1648 1823 et
1670 1752 1781 1823 trium

452 1868 635 1938 vuciurum
668 1864 759 1935 troie
788 1885 871 1936 cum
901 1864 1016 1935 tribus
1040 1858 1205 1959 preciofis
1232 1865 1413 1958 muguetis
1434 1872 1476 1935 et
1503 1864 1644 1936 ‹luobus
1659 1864 1780 1935 rubeis

452 1980 497 2051 ed
513 1978 623 2071 pedes
639 1976 798 2048 crucifixi
816 1972 973 2049 eiusdem
990 1976 1112 2049 culicis
1127 1976 1222 2047 douo
1238 1974 1370 2067 prefati
1393 1976 1580 2047 reuerendi
1607 1977 1719 2069 petris
1741 1984 1781 2044 vt

452 2088 557 2184 supra
572 2091 633 2183 qui
649 2110 780 2184 megue
798 2086 1033 2160 estimationis
1049 2088 1204 2161 hebetur
1220 2128 1228 2143 ·

495 2202 665 2273 Pretereu
676 2200 770 2271 slter
779 2200 873 2273 culix
884 2224 931 2273 ex
941 2212 1091 2295 argento
1103 2202 1297 2273 docunius
1306 2200 1474 2294 ponderis
1485 2202 1615 2297 viginti
1623 2201 1782 2293 quinque

454 2317 637 2387 vucierum
667 2314 712 2385 cd
747 2313 860 2385 altere
888 2312 970 2385 diue
1000 2313 1149 2409 virginis
1181 2309 1385 2383 Kstbsriue
1421 2313 1516 2385 iub-u
1547 2308 1781 2406 repudium

454 2424 639 2501 eccleflem
652 2420 825 2497 situatum
842 2427 880 2497 iu
896 2420 1058 2498 culludis
1070 2423 1246 2518 cupelluui
1259 2424 1345 2495 citii
1361 2422 1484 2498 ulteris
1492 2422 1695 2519 sumptibus
1703 2446 1783 2517 pre-

456 2542 521 2613 feti
538 2539 673 2610 domini
692 2536 825 2609 Geuini
843 2534 903 2607 sed
920 2560 983 2630 per
1000 2546 1212 2609 executores
1228 2532 1388 2608 eiusdem
1404 2536 1599 2609 fabricatus
1613 2579 1622 2593 ·

496 2647 646 2743 Insuper
661 2648 755 2721 alter
771 2648 866 2720 culix
881 2648 1041 2721 eiusdem
1052 2648 1221 2742 ponderis
1232 2644 1398 2721 {imiliter
1414 2649 1607 2721 desurstus
1619 2642 1782 2740 expeufis

455 2762 612 2835 eiusdem
629 2762 763 2833 demini
780 2762 913 2833 Gauri
930 2758 988 2832 sed
1013 2785 1078 2855 per
1102 2770 1315 2833 executores
1338 2770 1379 2831 vt
1403 2758 1510 2855 supra
1524 2761 1719 2834 fabricatus
1736 2760 1782 2831 sd

455 2874 555 2947 vium
571 2870 755 2967 bospitelis
772 2896 836 2967 per
852 2874 1006 2945 eundem
1024 2873 1167 2945 firudsti
1183 2881 1223 2944 et
1240 2868 1434 2946 construiti
1452 2911 1461 2928 ·

496 2987 592 3058 Item
610 2985 702 3057 liber
717 2980 946 3079 epistolarum
971 2986 1108 3079 optime
1123 2993 1272 3057 ornatus
1288 3008 1353 3077 per
1368 2986 1454 3057 suni
1471 2981 1613 3057 cursum
1637 3024 1645 3039 ·
1663 2982 1714 3055 Et
1731 2978 1782 3054 est

455 3100 653 3171 notandum
669 3097 763 3189 quod
780 3118 900 3167 merce
916 3100 1055 3192 argenti
1066 3098 1231 3170 continet
1242 3099 1323 3169 osto
1334 3098 1456 3169 vucius
1468 3098 1561 3169 troie
1571 3106 1610 3167 et
1622 3096 1782 3189 quelibet

456 3214 559 3281 vncia
576 3210 739 3281 continet
756 3208 885 3302 viginti
903 3205 1174 3303 esterliugeuses
1191 3248 1199 3264 ·

557 3419 726 3517 [Summa
750 3422 916 3514 ponderis
943 3423 1082 3515 urgenti
1105 3416 1266 3495 couceffe
1289 3444 1354 3515 per
1370 3420 1554 3495 Gauiuum
1579 3418 1783 3514 episcopum

555 3530 848 3605 Aberdoueusem
879 3542 918 3603 vt
951 3534 1147 3627 pmdlcitur
1180 3532 1447 3627 viij⁰1mxiiij
1481 3535 1585 3605 vsicie
1616 3535 1783 3629 urgenti·

556 3644 605 3715 Et
618 3646 655 3715 iu
665 3666 751 3715 auro
761 3638 941 3737 purillimo
951 3647 1152 3719 extendeus
1164 3646 1209 3719 ud
1223 3646 1483 3740 quiuquegiutu
1494 3668 1601 3719 vuum
1614 3647 1737 3717 mess
1755 3641 1782 3735 ·]

631 3980 712 4053 Puo
731 4000 971 4053 rouruucsur
991 4002 1132 4054 uouuu
1150 3980 1328 4055 Eruscoru
1346 3980 1603 4055 Auruncum·

463 4197 641 4314 Inprimis
670 4222 777 4291 mitre
804 4216 960 4311 preciose
989 4240 1071 4291 cum
1096 4220 1249 4315 gemmis
1265 4228 1304 4291 et
1323 4222 1532 4314 mergeretie
1552 4218 1786 4291 orientalibus

464 4358 504 4405 sc
530 4330 705 4424 lapidibus
721 4326 887 4425 preciosis
913 4354 996 4403 cum
1021 4330 1180 4403 eiusdem
1204 4331 1424 4403 redimiculis
1449 4330 1495 4403 eb
1511 4327 1786 4403 uuteceffcribus

463 4442 633 4537 episcopis
649 4439 796 4516 ecclesie
813 4440 970 4516 conculis
986 4440 1046 4517 sed
1072 4444 1266 4515 reformate
1281 4444 1446 4536 undeque
1463 4466 1528 4536 per
1548 4443 1784 4514 reuerendum
