4050 5534
426 639 447 704 4
938 629 1243 707 REGISTRUM
1606 637 1758 732 [secum

429 943 563 1016 Modus
580 944 796 1039 procedendi
813 945 851 1015 in
868 943 1020 1016 concilio
1037 943 1124 1017 cleri
1142 945 1350 1018 Scoticani·

431 1147 565 1244 Primo
594 1169 790 1240 induantur
819 1164 972 1263 episcopi
1006 1167 1097 1240 albis
1131 1177 1170 1242 et
1198 1169 1336 1243 amittis
1369 1173 1491 1266 cappis
1519 1171 1760 1266 solempnibus

427 1285 544 1356 mitris
557 1281 754 1354 cerotbecis
769 1281 945 1353 habentes
957 1282 995 1352 in
1008 1281 1174 1353 manibus
1190 1282 1336 1355 baculos
1352 1279 1544 1378 pastorales
1557 1285 1706 1358 abbates
1721 1287 1761 1356 in

428 1393 682 1492 superpellicijs
695 1403 732 1466 et
745 1393 867 1488 cappis
883 1395 1022 1465 mitrati
1035 1416 1117 1464 cum
1134 1395 1251 1466 mitris
1267 1396 1394 1467 decani
1411 1405 1449 1467 et
1466 1398 1704 1470 archidiaconi
1720 1400 1759 1469 in

427 1505 683 1602 superpellicijs
699 1513 738 1576 et
754 1505 917 1598 almucijs
934 1513 973 1576 et
990 1507 1111 1601 cappis
1124 1545 1133 1562 ·
1146 1504 1222 1600 Alij
1237 1529 1321 1578 vero
1334 1507 1454 1580 clerici
1472 1505 1541 1580 ssnt
1557 1511 1596 1581 in
1611 1508 1759 1582 bonelbo

428 1621 554 1693 habitu
566 1626 604 1690 et
618 1619 762 1690 decenti
777 1658 786 1674 ·
800 1617 930 1689 deinde
946 1617 1143 1712 procedant
1154 1618 1227 1689 duo
1244 1619 1443 1715 ceroferarij
1460 1620 1551 1693 albis
1567 1632 1606 1693 et
1623 1624 1759 1694 amidis

427 1733 546 1804 induti
573 1753 655 1803 cum
683 1731 796 1802 cereis
823 1730 1032 1801 ardentibus
1057 1740 1144 1801 ante
1166 1729 1367 1824 dyaconum
1393 1733 1455 1824 qui
1482 1731 1580 1828 legat
1606 1757 1760 1830 euange-

428 1845 516 1916 lium
535 1885 543 1900 ·
563 1839 645 1914 Eoo
663 1861 739 1913 sou
757 1861 896 1912 nasson
913 1861 994 1914 nnc.
1012 1863 1120 1933 quem
1143 1843 1338 1915 comitetur
1352 1839 1587 1916 subdiaconus
1604 1856 1643 1918 et
1659 1857 1761 1940 petet

282 2027 284 2030 .
428 1958 608 2052 dyaconus
638 1953 923 2026 benedictionem
947 1976 971 2025 a
994 1951 1245 2026 conseruatore
1270 1950 1297 2024 fi
1321 1952 1465 2049 presens
1494 1957 1604 2029 fuerit
1629 1958 1687 2031 vel
1715 1959 1761 2032 ob

429 2071 627 2162 antiquiore
644 2064 808 2162 episcopo
827 2061 853 2135 fi
869 2061 915 2137 fit
932 2063 1057 2137 absens
1075 2105 1084 2123 ·
1101 2065 1258 2159 pedesto
1275 2067 1463 2163 euangelio
1477 2065 1657 2142 osculetur
1673 2071 1763 2144 liber

407 2207 450 2255 ·a
476 2179 722 2254 conseruatore
748 2185 787 2250 et
809 2173 957 2272 singulis
981 2173 1153 2271 episcopis
1176 2218 1185 2234 ·
1207 2177 1338 2250 deinde
1363 2181 1512 2274 incipiat
1536 2180 1763 2256 conseruator

429 2315 577 2388 ymnum
595 2311 688 2362 vsns
707 2289 889 2362 crasson
913 2298 951 2361 et
974 2289 1019 2361 ad
1042 2288 1242 2381 quemlibet
1259 2287 1399 2362 versum
1424 2291 1629 2365 incensetur
1649 2295 1763 2367 altare

430 2407 474 2479 ab
492 2403 663 2500 episcopis
680 2426 750 2496 quo
768 2402 861 2473 fauo
878 2403 939 2494 qui
956 2401 1067 2473 babet
1082 2402 1202 2474 dicere
1217 2398 1417 2475 sermonem
1434 2417 1581 2498 accepts
1597 2407 1764 2481 benedic·

430 2521 529 2590 tione
547 2541 568 2589 a
584 2513 832 2588 conseruatore
849 2515 998 2609 incipiat
1014 2511 1213 2585 sermonem
1230 2514 1276 2586 ad
1292 2538 1404 2587 cornu
1421 2515 1543 2588 altaris
1556 2558 1565 2574 ·
1578 2517 1681 2591 finito
1693 2517 1764 2592 ser-

430 2653 537 2702 mone
550 2637 724 2700 vocentur
740 2627 842 2698 citati
855 2625 900 2698 ad
918 2625 1110 2698 concilium
1126 2634 1166 2697 et
1181 2623 1346 2698 absentes
1362 2629 1558 2720 puniantur
1569 2628 1764 2702 secundnm

430 2739 566 2814 statuta
581 2741 710 2834 quibus
726 2735 871 2811 statutis
896 2739 1030 2811 ibidem
1053 2737 1217 2832 perlestis
1233 2739 1272 2808 in
1288 2738 1432 2832 publico
1449 2743 1764 2814 excommunicent

431 2853 584 2949 episcopi
602 2851 796 2925 secundum
814 2847 949 2924 statuta
964 2851 1139 2923 babentes
1156 2846 1285 2945 singuli
1301 2852 1340 2922 in
1356 2853 1521 2924 manibus
1538 2855 1728 2926 candelas·

573 3296 775 3401 {mutarat
799 3297 954 3381 statuta
979 3293 1176 3396 mortula
1199 3295 1353 3381 cresso
1376 3299 1625 3384 scoticus·

433 3527 597 3600 Oenones
622 3525 844 3622 generalium
868 3523 1100 3597 conciliorum
1118 3533 1159 3596 vt
1176 3522 1359 3598 Ysodorns
1381 3527 1434 3599 nit
1450 3551 1473 3600 a
1488 3537 1652 3622 tempore
1671 3527 1768 3601 Con·

432 3637 578 3713 stantini
601 3640 826 3733 imperatoris
851 3645 1026 3732 ceperunt
1051 3637 1180 3729 quibus
1204 3635 1324 3710 santia
1344 3637 1509 3712 Romana
1532 3637 1681 3712 ecclesia
1695 3639 1766 3714 fide

433 3751 609 3825 catholica
637 3746 879 3823 succrescente
909 3757 948 3820 et
977 3747 1087 3821 sansii
1115 3751 1301 3842 patrosin
1331 3750 1484 3822 concilio
1512 3749 1654 3823 Niceno
1683 3775 1769 3824 con·

431 3865 620 3936 uenientes
644 3860 839 3934 secundum
863 3861 971 3932 fidem
998 3860 1243 3955 euangelicam
1265 3871 1304 3933 et
1326 3859 1555 3956 apostolicam
1580 3865 1767 3936 certitudi-

432 3998 514 4048 nem
541 3974 767 4047 tradiderunt
789 4014 796 4031 ·
821 3975 916 4046 inter
938 3980 1060 4044 cetera
1081 3969 1281 4045 statuentes
1302 3968 1393 4046 sicut
1419 3974 1546 4046 beatus
1572 3973 1767 4070 Gregorius

433 4087 531 4182 Papa
556 4086 677 4160 scribit
703 4086 798 4179 quod
813 4085 908 4179 ficut
921 4075 1046 4182 sandsi
1072 4083 1238 4183 nsonpeiij
1258 4083 1359 4158 libros
1382 4093 1529 4182 msotcor
1542 4085 1601 4179 stc
1624 4095 1767 4182 quotuor

431 4198 572 4274 concilio
581 4198 776 4296 suscipiens
792 4199 944 4272 emereri
963 4221 1017 4270 mc
1030 4195 1149 4294 fatcor
1163 4194 1329 4269 Niocrmm
1338 4195 1477 4294 scilicet
1492 4195 1766 4296 Cmstontinopo-

431 4309 571 4384 litonum
587 4307 790 4406 Idplleficum
806 4319 837 4382 ct
855 4307 1094 4406 Oobidoneose
1110 4347 1119 4366 ·
1136 4309 1175 4380 in
1191 4309 1321 4400 quibus
1337 4309 1497 4382 heretice
1513 4311 1709 4402 prauitates
1726 4321 1765 4382 et

431 4423 515 4496 fidei
540 4421 716 4494 catholice
740 4423 1006 4517 impugnatores
1029 4420 1343 4494 conbrndebantur
1362 4430 1400 4492 et
1422 4421 1548 4517 religio
1565 4419 1765 4495 Christiana

431 4535 475 4606 ad
502 4533 571 4606 Dei
603 4532 746 4605 landem
772 4541 809 4604 et
834 4534 995 4605 omnium
1023 4533 1248 4606 credentium
1274 4533 1426 4606 lilntem
1450 4531 1603 4606 solidum
1627 4537 1764 4629 recepit
