4050 5534
264 651 372 747 xus]
717 649 1123 730 ABERDONENSE.
1530 667 1601 739 989

259 851 438 924 Kelcbow
476 854 515 924 in
548 852 716 946 parochia
744 849 894 925 ecclefie
920 855 966 925 de
988 853 1116 928 Cultre
1147 854 1415 930 Aberdonensre
1440 857 1598 953 dyoeefis

257 987 366 1056 quam
382 963 420 1036 se
435 966 474 1036 in
491 963 572 1036 vsne
588 966 749 1059 proprios
765 967 937 1037 canonice
953 968 1117 1058 optinere
1144 965 1311 1040 dicebant
1336 970 1381 1041 de
1398 994 1493 1042 nouo
1515 995 1600 1044 con-

258 1073 428 1150 omnam
453 1073 524 1148 csse
548 1072 740 1148 asserentes
765 1077 979 1149 austeritate
1004 1076 1188 1150 cuiusdam
1213 1080 1392 1176 priuilegij
1411 1092 1451 1153 vt
1476 1083 1598 1154 nullus

256 1189 295 1260 in
311 1189 488 1282 parocbijs
505 1184 734 1262 ecclesiarum
747 1211 835 1282 quas
844 1191 882 1260 in
896 1190 1057 1282 proprios
1071 1188 1151 1262 vsus
1162 1193 1330 1284 optinent
1342 1190 1526 1266 ecclesiam
1538 1195 1597 1266 vel

256 1300 433 1395 capellam
459 1311 582 1395 preter
603 1323 728 1372 eorum
754 1298 928 1372 assensum
954 1301 999 1372 dc
1025 1324 1121 1373 nouo
1146 1302 1313 1375 edificare
1339 1304 1459 1377 valeat
1485 1303 1550 1379 fibi
1576 1331 1598 1380 e

257 1413 372 1485 felicis
388 1413 646 1485 recordationis
662 1436 756 1506 papa
780 1411 930 1484 Urbano
947 1422 1076 1505 quarto
1093 1414 1225 1486 indulti
1243 1415 1387 1488 decerni
1412 1420 1597 1512 petierunt

255 1523 520 1598 sententialiter
544 1525 620 1595 fore
637 1524 849 1596 diruendam
867 1563 875 1581 ·
894 1548 1036 1596 necnon
1056 1521 1161 1620 super
1179 1526 1328 1598 decimis
1345 1531 1539 1602 maioribus
1557 1541 1595 1604 et

256 1637 454 1708 minoribus
480 1659 523 1708 ac
552 1635 834 1708 obuentionibus
859 1637 1075 1710 omnimodis
1108 1639 1406 1730 prouenientibue
1440 1653 1516 1714 tam
1550 1644 1595 1714 de

254 1751 360 1821 terris
376 1760 416 1820 et
432 1748 583 1820 culturis
606 1749 760 1841 propriJs
781 1749 978 1820 eorundem
1003 1746 1163 1842 magistri
1187 1757 1226 1819 et
1249 1749 1400 1822 fratrum
1418 1776 1525 1846 qnam
1549 1755 1594 1826 de

256 1861 335 1955 alijs
368 1861 472 1935 bonis
498 1859 569 1932 suis
593 1859 761 1932 omnibus
793 1860 887 1930 infra
918 1860 1054 1932 dibtam
1087 1869 1219 1930 terram
1253 1858 1353 1932 suam
1387 1863 1432 1936 de
1467 1863 1594 1938 Cultre

254 1969 492 2046 existentibus
519 1994 606 2064 quas
630 1972 727 2044 idem
754 1971 864 2044 abbas
888 1981 927 2042 et
953 1983 1156 2044 conuentus
1182 1972 1227 2044 ad
1254 1974 1385 2046 dittam
1406 1974 1594 2050 eeclefiam

254 2084 494 2178 parochialem
511 2084 557 2154 de
574 2083 703 2155 Cultre
719 2081 879 2176 spedare
895 2094 934 2154 et
950 2108 973 2155 a
988 2080 1158 2178 magistro
1175 2092 1215 2154 et
1231 2084 1401 2158 fratribus
1426 2089 1593 2181 predittie

254 2207 447 2291 occupatas
476 2204 515 2269 et
549 2191 680 2266 iniuste
710 2197 878 2268 detentas
907 2191 977 2267 esse
1008 2191 1201 2266 asserentes
1230 2191 1294 2266 ssbi
1323 2201 1469 2272 nomine
1500 2203 1593 2273 ditle

254 2304 404 2381 ecclesie
420 2307 631 2403 parochialis
648 2307 694 2379 de
709 2307 838 2380 Oultre
854 2303 996 2378 restitui
1005 2308 1200 2400 ‚petierunt
1217 2317 1256 2380 et
1273 2306 1366 2402 ipsos
1383 2309 1591 2408 magistrum

254 2431 293 2492 et
317 2421 448 2493 fratres
472 2419 518 2492 ad
543 2441 668 2491 earum
693 2416 959 2492 restitutionem
986 2417 1251 2490 sententialiter
1275 2423 1531 2518 condempnari
1554 2437 1592 2498 et

253 2531 423 2626 compelli
435 2568 444 2589 ·
454 2532 698 2603 exbibuerunt
709 2528 876 2627 magister
886 2543 926 2603 et
937 2533 1065 2603 fratres
1078 2532 1226 2624 preditti
1237 2534 1390 2625 quedam
1403 2538 1592 2634 priuilegia

252 2642 346 2716 sedis
363 2641 555 2736 apostolice
572 2666 619 2714 ex
632 2667 784 2737 quornm
801 2641 1019 2736 inspectione
1036 2639 1199 2714 constare
1216 2645 1406 2718 videbatur
1422 2648 1591 2724 fratribus

252 2755 306 2828 sui
324 2757 459 2827 ordinis
474 2753 691 2849 generaliter
707 2753 778 2826 esse
793 2755 977 2827 indultum
994 2757 1040 2828 ab
1057 2757 1206 2847 antiquo
1224 2758 1320 2848 quod
1337 2757 1441 2832 liberi
1466 2757 1535 2833 fint
1553 2776 1591 2835 et

253 2870 416 2962 exempti
432 2891 454 2939 a
469 2863 688 2961 prestatione
712 2867 933 2938 decimarum
958 2876 1035 2938 tam
1060 2866 1106 2938 de
1132 2869 1236 2938 terris
1262 2865 1332 2940 suis
1349 2893 1437 2963 quas
1455 2875 1500 2944 ad
1517 2877 1593 2947 cul-

253 2993 373 3053 turam
390 2980 620 3051 deduxerunt
638 2977 697 3049 vel
714 2978 899 3050 deducunt
916 3002 1024 3072 quam
1042 2980 1088 3050 de
1105 2979 1209 3050 terris
1229 2978 1309 3072 alijs
1335 3003 1423 3072 quae
1440 2989 1591 3079 propriJs

253 3093 419 3165 manibus
436 3102 500 3164 aut
517 3088 719 3184 sumptibus
735 3090 910 3162 excolunt
929 3113 1071 3163 necnon
1089 3091 1135 3161 de
1152 3091 1240 3161 ortis
1263 3081 1441 3186 virgultis
1454 3097 1592 3169 molen·

253 3207 348 3278 dinis
364 3206 475 3299 pratis
492 3205 604 3276 etiam
622 3213 661 3275 et
677 3199 835 3296 piscarijs
853 3200 924 3274 suis
942 3226 983 3275 ac
1001 3200 1212 3274 animalium
1230 3201 1374 3275 suorum
1391 3211 1592 3282 nutrimen·

252 3320 300 3389 tis
318 3317 485 3411 qnodque
501 3315 610 3386 liceat
633 3313 792 3386 eiusdem
819 3314 953 3387 ordinis
978 3314 1148 3386 fratribus
1174 3315 1211 3386 in
1237 3319 1342 3388 terris
1360 3317 1508 3392 desertis
1525 3316 1590 3395 libi

252 3432 313 3523 pia
329 3429 524 3500 deuotione
541 3426 684 3498 collatis
709 3423 876 3499 ecclesias
900 3424 962 3498 seu
989 3425 1145 3520 capellae
1163 3437 1201 3498 et
1218 3429 1395 3501 cimiteria
1417 3453 1482 3524 pro
1499 3431 1534 3506 se
1552 3445 1589 3506 et

251 3539 458 3612 hominibus
483 3536 554 3610 suis
578 3538 714 3610 ibidem
740 3537 970 3610 manentibus
987 3540 1024 3608 in
1044 3539 1149 3610 terrie
1166 3548 1229 3610 aut
1247 3540 1398 3614 culturis
1414 3538 1479 3615 sibi
1490 3543 1589 3639 justo

250 3651 362 3724 titulo
379 3650 521 3723 collatis
537 3673 601 3743 pro
617 3648 655 3720 se
671 3673 714 3721 ao
731 3650 867 3724 familia
883 3649 946 3723 sua
962 3662 1001 3722 et
1018 3647 1287 3724 transeuntibus
1313 3653 1485 3729 fabricare
1510 3682 1592 3752 pro-

251 3763 420 3856 ponendo
436 3760 473 3834 se
489 3760 692 3833 huiusmodi
717 3762 989 3858 priuilegiorum
1017 3765 1230 3835 austeritate
1255 3763 1389 3838 dinam
1415 3770 1590 3863 capellam

251 3875 401 3946 liberam
428 3873 536 3968 pleno
552 3875 631 3944 iure
653 3873 748 3966 apud
766 3876 913 3946 domum
930 3872 1029 3946 snam
1047 3875 1092 3946 de
1110 3872 1238 3946 Cultre
1256 3898 1338 3947 cum
1356 3880 1533 3952 cimiterio
1552 3895 1590 3956 et

252 3982 462 4080 baptisterio
477 3981 639 4058 eiusdem
656 4006 798 4058 necnon
817 3988 974 4060 decimas
991 3995 1030 4058 et
1047 3988 1287 4058 obuentionce
1304 3992 1526 4065 omnimodas
1545 3997 1591 4068 de

251 4099 341 4169 ortis
360 4095 525 4191 virgultis
558 4106 596 4168 et
629 4095 846 4170 molendinis
871 4101 983 4192 pratis
1008 4098 1166 4192 piscarije
1200 4107 1239 4170 et
1263 4100 1416 4173 culturis
1440 4109 1590 4200 propriJ's

251 4234 295 4282 ac
324 4210 437 4283 etiam
466 4208 676 4282 animalium
703 4207 847 4280 suorum
875 4212 1107 4282 nutrimentis
1136 4233 1279 4282 necnon
1305 4213 1351 4284 de
1381 4218 1486 4288 terris
1520 4217 1590 4292 suis

250 4322 389 4396 scilicet
405 4321 451 4392 de
467 4319 683 4414 Tulicbe3irt
699 4332 738 4392 et
755 4321 873 4396 Bleris
898 4319 963 4394 libi
989 4324 1035 4394 de
1060 4319 1191 4395 foresta
1213 4321 1325 4418 Regis
1342 4327 1428 4397 dum
1451 4329 1590 4406 deserte

249 4437 396 4509 fuerant
421 4442 461 4504 et
484 4433 624 4506 inculte
641 4433 782 4506 collatio
807 4435 1043 4530 quadraginta
1071 4437 1174 4508 annis
1200 4444 1238 4506 et
1263 4437 1417 4531 amplius
1442 4443 1590 4534 pacifice

251 4543 725 4644 possedisse-proposuerunt
736 4548 845 4620 etiam
857 4547 953 4640 quod
965 4545 1036 4619 suis
1047 4546 1253 4620 hominibus
1265 4548 1303 4620 in
1315 4549 1394 4643 alijs
1405 4557 1509 4626 terrie
1519 4555 1590 4630 suis

302 4679 385 4730 von.
404 4678 445 4729 11.
902 4665 965 4730 to
