4050 5534
218 668 321 764 xus]
689 665 1092 743 ABERDONENSE.
1537 681 1558 745 5

217 869 492 942 fundamentum
509 907 518 925 ·
535 892 582 940 ex
605 891 676 961 quo
701 891 801 940 more
817 891 882 962 per
898 867 1158 940 catholicorum
1183 872 1386 964 principum
1410 875 1555 966 prouin-

218 983 287 1053 cias
304 993 343 1053 et
359 1005 471 1076 regna
486 979 675 1053 salubriter
690 977 897 1053 institutum
915 977 967 1053 est
981 991 1022 1052 vt
1038 977 1186 1077 lingulis
1202 985 1304 1054 annis
1321 984 1555 1078 prouincialia

218 1094 367 1165 concilia
384 1095 428 1165 ad
447 1095 612 1165 decorem
626 1093 753 1164 domus
767 1091 838 1163 Dei
856 1102 894 1164 et
911 1093 1021 1165 fidem
1038 1095 1251 1166 catholicam
1269 1095 1421 1167 firmiter
1437 1095 1554 1169 obser-

217 1207 370 1278 uandam
395 1208 465 1278 rite
491 1205 720 1278 celebrentur
736 1243 744 1260 ·
762 1204 830 1276 Cui
848 1207 938 1276 mori
956 1204 1070 1277 felicis
1092 1209 1352 1278 recordacionis
1369 1207 1554 1280 Honorius

218 1317 314 1413 Papa
333 1321 371 1390 in
390 1313 539 1391 eeclesia
563 1317 754 1390 Scoticana
779 1315 993 1390 concensum
1019 1318 1182 1391 adhibuit
1207 1316 1398 1413 specialem
1421 1322 1458 1392 in
1485 1322 1552 1394 hec

217 1433 322 1504 rerba
349 1473 358 1489 ·
386 1429 565 1504 Hamus
592 1430 763 1527 episcopus
780 1429 910 1526 smus
923 1431 1111 1527 serratorum
1136 1430 1208 1504 Dei
1236 1440 1296 1505 etc.
1322 1431 1552 1506 Austoritate

216 1546 323 1640 igitur
341 1543 412 1616 Dei
429 1545 687 1638 omnipotentis
712 1552 750 1614 et
775 1539 952 1614 sacrorum
979 1567 1156 1615 canonum
1181 1553 1221 1616 et
1244 1542 1461 1618 sacrosantae
1478 1546 1552 1618 Ro-

216 1680 319 1729 mane
337 1653 484 1728 ecclesie
500 1679 567 1727 nos
583 1655 712 1750 prelati
730 1650 877 1726 ecclesie
896 1655 1088 1728 Scoticane
1113 1657 1306 1728 concilium
1331 1659 1551 1752 prouinciale

217 1767 415 1841 nostrorum
435 1763 716 1862 predecessorum
740 1789 840 1838 more
865 1765 1088 1840 celebrantes
1106 1779 1144 1841 et
1161 1769 1378 1842 laudabilem
1404 1769 1549 1843 consue-

214 1883 376 1954 tudinem
402 1881 632 1953 obseruantes
648 1879 807 1952 vnanimi
833 1879 1009 1952 concensu
1025 1878 1214 1952 statuimus
1231 1892 1270 1953 et
1286 1884 1491 1955 ordinamus
1508 1895 1549 1956 vt

216 1989 361 2090 singulis
383 1995 486 2066 annis
502 1987 631 2088 singuli
657 1989 811 2086 episcopi
829 2002 866 2063 et
888 1993 1036 2064 abbates
1053 2017 1095 2065 ac
1111 1994 1334 2087 prioratuum
1358 1997 1492 2089 priores
1509 1998 1547 2066 in

215 2108 339 2179 habitu
364 2106 538 2198 solempni
563 2107 608 2176 ad
633 2104 826 2176 concilium
852 2105 1104 2176 celebrandum
1127 2107 1174 2176 ad
1197 2116 1336 2177 certum
1362 2107 1465 2178 diem‘
1485 2132 1549 2202 per

216 2199 498 2292 conseruatorem
522 2216 662 2308 concilij
684 2211 748 2285 srbi
774 2225 1023 2309 competenter
1044 2216 1289 2311 prefigendum
1308 2219 1440 2291 deuote
1465 2244 1549 2290 con-

217 2336 363 2404 ueniant
380 2341 420 2402 vt
442 2355 507 2424 per
522 2330 683 2400 triduum
701 2324 728 2398 fi
745 2325 883 2400 necesse
899 2329 1007 2400 suerit
1025 2331 1063 2400 iu
1080 2329 1208 2400 eodem
1234 2331 1386 2402 concilio
1403 2333 1547 2404 valeant

215 2469 275 2539 pro
299 2439 569 2516 necessitatibus
594 2441 724 2512 diuinis
750 2450 787 2511 et
813 2436 1057 2513 ecclefiasticis
1082 2445 1293 2514 commorari
1315 2452 1355 2515 et
1379 2446 1547 2518 inuocata

215 2557 322 2630 santii
340 2554 483 2649 spiritus
499 2555 614 2648 gratia
630 2549 763 2622 statum
781 2548 1056 2624 ecclefiasticum
1074 2554 1207 2625 ibidem
1224 2555 1271 2626 ad
1287 2557 1434 2627 modum
1449 2559 1547 2629 debi-

214 2681 290 2741 tum
316 2678 355 2740 et
380 2668 584 2761 placentem
602 2663 682 2735 Deo
706 2664 924 2735 reformare·
943 2663 983 2735 Si
1009 2667 1089 2757 quis
1114 2685 1199 2738 vero
1227 2691 1350 2738 eorum
1376 2672 1548 2742 canonica

215 2783 458 2876 prepeditione
483 2780 592 2849 suerit
617 2776 810 2868 impeditus
835 2784 1101 2868 procuratorem
1122 2779 1200 2849 vice
1225 2775 1288 2850 sua
1311 2776 1545 2853 sufficientem

214 2893 429 2968 substituat·
451 2915 524 2963 non
547 2900 670 2962 autem
695 2891 842 2960 veniens
867 2886 1100 2982 personaliter
1124 2912 1207 2961 cum
1230 2893 1353 2962 venire
1377 2889 1482 2986 possit
1507 2905 1546 2966 et

214 3009 369 3080 noluerit
385 3006 598 3078 auctoritate
615 3000 755 3094 concilij
774 3010 813 3073 et
829 3001 975 3072 arbitrio
993 3002 1163 3094 puniatur
1180 3043 1187 3056 ·

482 3226 534 3298 ΙΙ.
560 3225 749 3312 Quomodo
766 3221 994 3298 conseruator
1011 3226 1141 3297 debeat
1157 3225 1242 3320 eligi
1259 3268 1268 3283 ·

211 3457 416 3529 Statuimus
449 3453 559 3523 etiarn
593 3451 631 3520 in
660 3449 784 3542 primis
814 3458 854 3520 vt
884 3446 1046 3541 quolibet
1079 3471 1174 3520 anno
1204 3449 1351 3520 verbum
1386 3454 1545 3546 predica·

210 3571 319 3640 tionis
337 3564 487 3638 cuilibet
503 3558 747 3657 episcoporum
760 3561 821 3630 vni
838 3559 916 3654 post
933 3558 1089 3632 alterum
1106 3562 1315 3656 iniungatur
1327 3564 1364 3633 in
1382 3567 1544 3656 proximo

210 3679 364 3753 concilio
382 3701 447 3772 per
462 3673 498 3746 se
515 3673 573 3746 vel
590 3697 655 3768 per
670 3673 780 3745 alium
801 3673 1073 3766 proponendum
1098 3672 1302 3767 incipiendo
1319 3675 1364 3745 ab
1381 3675 1544 3770 episcopo

207 3791 320 3865 lancti
338 3789 487 3861 Andree
503 3826 512 3842 ·
528 3796 567 3858 et
584 3786 679 3879 quod
696 3807 788 3856 unus
810 3783 1055 3878 episcoporum
1081 3783 1309 3857 conseruator
1330 3782 1544 3860 statutorum

208 3903 353 3996 concilij
372 3903 557 3974 ordinetur
573 3899 618 3970 de
635 3896 785 3969 concilio
808 3897 1026 3989 reliquorum
1044 3899 1105 3990 qui
1123 3899 1167 3970 de
1183 3899 1336 3970 concilio
1357 3901 1403 3970 ad
1428 3903 1546 3972 conci-

206 4018 301 4090 lium
317 4014 380 4086 suo
397 4015 568 4108 fungatur
584 4009 699 4082 officio
716 4033 758 4081 ac
774 4005 979 4081 manifestos
997 4017 1035 4080 et
1052 4012 1211 4082 notorios
1227 4011 1385 4082 eiusdem
1401 4013 1541 4105 concilij

205 4129 271 4203 seu
289 4128 441 4200 alicuius
457 4121 583 4196 statuti
600 4123 638 4194 iu
655 4123 782 4193 eodem
800 4121 992 4192 violatores
1009 4123 1137 4215 puniat
1154 4132 1192 4193 et
1209 4124 1254 4194 ad
1271 4123 1430 4194 debitam
1447 4123 1544 4195 latis-

203 4243 403 4315 factionem
420 4259 484 4331 per
499 4231 682 4307 censuram
709 4228 980 4306 eeclesiasticam
1006 4233 1200 4305 secundnm
1218 4236 1304 4306 iuris
1321 4238 1542 4330 exigenciam

203 4353 404 4427 efficaciter
420 4346 612 4441 compellat
630 4386 638 4402 ·
