4050 5534
222 673 317 768 svn]
684 668 1089 745 Auunnouunss.
1489 682 1554 747 181

222 876 344 971 viginti
363 874 524 966 quinque
548 874 734 945 molarum
759 870 853 941 dono
879 871 1060 963 quondam
1085 872 1301 943 venerabilis
1328 874 1394 944 viri
1420 874 1555 945 domini

221 985 343 1059 Jacobi
362 982 583 1079 Kincraigye
600 984 727 1055 decani
744 979 1013 1054 Aberdonenfis
1039 983 1084 1055 ad
1102 983 1215 1056 altare
1232 985 1308 1055 diui
1327 984 1497 1080 Mauricij
1517 989 1554 1057 in

222 1094 376 1169 custodia
393 1096 513 1190 vicarij
533 1097 630 1168 beati
648 1093 817 1187 Maurieij
836 1095 881 1166 ad
899 1092 1129 1167 seruiendum
1155 1097 1249 1167 ditio
1275 1097 1380 1169 altari
1394 1100 1556 1191 ¹deputa-

224 1220 278 1281 tus
297 1251 304 1265 ·

267 1320 329 1413 Hij
343 1320 473 1393 calices
486 1317 675 1413 supradicti
693 1320 858 1413 deputati
876 1316 1038 1392 existunt
1048 1323 1093 1393 ad
1107 1319 1209 1393 vsum
1223 1324 1477 1415 quotidianum
1496 1323 1553 1396 su-

222 1432 377 1527 pradicte
391 1428 540 1505 ecclesie
557 1426 738 1505 canonicis
756 1442 795 1502 et
811 1430 951 1529 vicarijs
969 1431 1128 1506 eiusdem
1139 1445 1177 1506 et
1194 1435 1274 1528 alijs
1292 1436 1474 1507 celebrare
1492 1460 1555 1507 vo-

221 1546 376 1618 lentibus
405 1548 443 1616 in
469 1540 628 1617 custodia
652 1540 861 1639 thesaurarij
880 1546 974 1618 infra
996 1548 1144 1618 domum
1164 1548 1340 1639 jocalium
1358 1548 1552 1642 supradicti

223 1658 366 1752 capituli
385 1658 552 1729 collocati
570 1695 578 1712 ·

224 1996 434 2076 Snouurun
448 2018 603 2070 socrum
616 2016 851 2075 uxanrrouo
863 2018 936 2068 rna
955 2018 1140 2070 nruunsos
1153 2019 1375 2070 noumrrcns
1387 2020 1435 2070 ar
1448 2021 1554 2072 suros

514 2107 836 2180 Crrmsmsrnnnns
853 2130 998 2181 onnam
1017 2130 1066 2181 vr
1085 2130 1200 2181 rssns
1219 2151 1227 2167 ·

226 2312 276 2407 ln
294 2337 417 2429 primis
435 2334 505 2404 due
530 2354 660 2427 magne
677 2331 802 2425 palues
828 2335 967 2427 argenti
994 2335 1033 2403 in
1058 2333 1359 2429 circumferentiJs
1384 2336 1573 2407 deaurate·

224 2447 281 2520 sed
303 2446 366 2518 vsu
383 2448 496 2517 ferme
522 2443 730 2538 consumpte
748 2446 842 2516 dono
864 2446 1045 2537 quondam
1070 2447 1262 2517 reuerendi
1280 2449 1318 2517 in
1335 2443 1465 2518 christo
1494 2471 1555 2540 pa-

225 2563 286 2632 tris
298 2560 449 2631 Henriei
467 2559 512 2628 de
527 2557 719 2651 Lychtoun
730 2553 998 2629 Aberdouensrs
1015 2555 1170 2651 episcopi
1181 2560 1242 2651 qui
1259 2559 1352 2632 hanc
1369 2555 1555 2631 ecclesiam

224 2672 391 2766 usquead
408 2670 544 2742 tettum
556 2668 738 2741 edificauit
752 2670 917 2762 ponderis
932 2679 1086 2763 quatuor
1103 2671 1275 2742 libramm
1288 2672 1381 2743 hane
1398 2672 1556 2743 ferentes

223 2786 341 2857 datam
359 2806 453 2857 auno
471 2782 619 2854 Domini
637 2777 826 2853 millesimo
837 2780 1189 2878 quadringentesimo
1207 2780 1389 2877 trigelimo
1416 2786 1527 2855 tertio
1546 2828 1554 2841 ·

271 2896 368 2969 Item
385 2918 515 2991 ymago
529 2896 613 2965 diue
627 2896 774 2988 virginis
786 2892 905 2965 Mario
919 2896 964 2966 de
977 2898 1115 2988 pietate
1132 2893 1303 2988 inscripta
1313 2899 1452 2989 argenti
1471 2919 1554 2967 cum

225 3012 387 3105 ymagine
404 3006 467 3102 filij
486 3004 537 3077 sui
556 3006 715 3081 crucifixi
727 3028 810 3077 oum
828 3004 989 3078 clausura
1002 3008 1095 3078 infra
1107 3008 1283 3099 quadrata
1298 3008 1466 3100 ponderis
1479 3006 1555 3099 sep-

224 3134 296 3195 tem
321 3122 492 3193 librarum
522 3119 648 3189 decem
673 3118 858 3188 vnciarum
885 3141 967 3190 cum
994 3120 1191 3191 dimediata
1219 3120 1315 3190 dono
1340 3120 1555 3191 venerabilis

223 3237 286 3305 viri
301 3230 460 3328 magistri
477 3228 624 3301 Andree
642 3228 745 3323 Lyell
759 3231 939 3321 quondam
956 3231 1062 3302 huius
1073 3228 1221 3303 ecclesie
1238 3230 1445 3325 thesaurarij
1460 3234 1554 3303 circa

224 3371 354 3419 anuum
373 3346 508 3417 domini
525 3338 752 3413 millesimum
770 3338 1096 3437 quingentesimum
1111 3384 1119 3399 ·

259 3461 356 3532 Crux
367 3458 507 3553 argenti
518 3457 688 3527 deaurata
699 3477 782 3525 cum
794 3455 909 3524 tribus
920 3453 1098 3547 lapidibus
1111 3456 1231 3526 rubeis
1242 3458 1279 3526 iu
1291 3481 1362 3549 qua
1373 3457 1554 3549 quondam

226 3584 298 3645 erat
326 3595 407 3667 pars
432 3570 520 3665 ligni
546 3569 661 3640 crucis
687 3566 809 3639 sanni
827 3566 974 3637 Andree
991 3569 1094 3638 cuius
1110 3590 1173 3660 pes
1190 3570 1315 3660 rapina
1325 3564 1484 3639 sublatus
1501 3566 1554 3638 est

225 3694 318 3758 cum*
331 3684 478 3776 reliquis
507 3676 740 3773 introscriptis
766 3680 858 3749 dono
889 3678 1068 3770 quondam
1097 3677 1192 3749 bone
1217 3681 1390 3750 memorie
1419 3680 1554 3749 domini

225 3798 376 3871 Gilberti
403 3794 564 3867 Grenlau
581 3786 845 3863 Aberdonensrs
870 3786 1024 3883 episcopi
1050 3792 1111 3882 qui
1129 3793 1239 3862 etiam
1266 3792 1360 3862 dono
1386 3786 1555 3862 conceffit

223 3932 390 4006 maguum
401 3907 616 3979 breuiarium
627 3900 778 4003 advsum
793 3903 890 3973 chori
902 3925 998 3973 nuno
1008 3902 1150 3995 perduo
1160 3902 1344 3973 volumina
1356 3904 1529 3996 partitum
1543 3944 1551 3960 ·

271 4024 369 4095 Crux
386 4020 525 4115 argenti
543 4018 714 4089 deaurata
731 4039 813 4086 cum
827 4016 934 4086 ramis
951 4014 1118 4085 eorolinis
1135 4024 1174 4083 et
1191 4014 1306 4084 tribus
1320 4017 1439 4107 paruis
1455 4038 1553 4108 yma·

224 4138 362 4231 ginibus
380 4134 559 4205 deauratis
584 4129 644 4200 sed
670 4130 806 4199 incuria
831 4123 1018 4198 custodum
1044 4127 1081 4194 in
1104 4124 1288 4217 particulis
1314 4123 1427 4197 diuisa
1452 4129 1552 4197 cuius

225 4250 315 4321 dono
340 4250 526 4343 ignoratur
549 4242 715 4337 ponderis
741 4262 823 4311 cum
850 4238 1000 4311 corrillis
1018 4245 1171 4329 quatuor
1185 4239 1368 4309 unciarum
1390 4260 1472 4307 eum
1503 4240 1555 4309 di-

225 4361 443 4543 merliirlirlus
460 4469 536 4539 auri
554 4488 636 4538 cum
663 4463 781 4557 lapide
799 4463 967 4534 columne
984 4457 1115 4531 Christi
1142 4470 1182 4530 vt
1207 4456 1367 4533 offeritur
1388 4464 1554 4556 ponderis

225 4586 374 4655 duorum
391 4574 584 4677 grellorum
603 4576 660 4648 vel
677 4577 771 4648 circa
788 4576 889 4647 ouius
907 4574 1000 4644 dono
1017 4574 1205 4667 ignoratur
1223 4611 1231 4629 ·
