4050 5534
437 645 510 713 204
957 636 1265 712 nnorsnnum
1625 642 1776 738 [secun

438 834 705 911 Aberdonenfis
723 838 768 909 de
786 860 857 930 quo
884 839 1180 911 commemoratio
1205 838 1251 911 de
1278 839 1342 933 xiij
1360 841 1390 912 ἔ.
1408 840 1459 932 iiij
1476 836 1514 911 d.
1530 841 1578 912 dc
1597 840 1777 913 mantione

437 948 574 1023 Thome
592 950 719 1023 llowle
736 950 900 1023 leuandis
917 952 1108 1023 annuatim
1124 974 1190 1045 per
1205 950 1411 1045 capellanos
1427 952 1528 1023 chori
1544 992 1554 1009 ·

901 1174 925 1246 J
928 1174 1088 1247 ohannes
1106 1174 1294 1249 Eddenam
1312 1216 1321 1233 ·

360 1364 362 1367 ,
440 1287 563 1359 Tertio
576 1287 664 1359 Idus
683 1286 909 1381 Septembris
922 1287 1043 1359 obitus
1056 1288 1192 1359 domini
1204 1288 1382 1361 Johannis
1394 1286 1606 1362 Eddename
1616 1292 1777 1363 canonici

440 1394 708 1472 Aberdonenfis
732 1400 778 1471 de
800 1423 825 1471 x
842 1400 872 1471 ἔ.
890 1398 1055 1471 leuandis
1079 1423 1144 1493 pro
1166 1398 1407 1473 anniuersario
1430 1397 1579 1497 lingulis
1605 1405 1711 1475 annis
1733 1404 1777 1475 de

440 1508 623 1585 mensione
640 1512 686 1584 de
704 1510 899 1583 Methelek
917 1511 962 1582 ad
980 1510 1070 1582 duos
1086 1512 1173 1583 anni
1190 1514 1364 1585 terminos
1382 1554 1391 1570 ·

443 1850 594 1922 Decimo
612 1850 721 1921 tertio
738 1846 911 1919 kalendas
924 1736 1092 1921 Oggllllils
1100 1732 1383 1921 1⁴‹llilllllrdomini
1398 1850 1482 1921 Ade
1496 1846 1638 1923 Forllar
1654 1852 1780 1923 militis

441 1964 486 2035 de
516 1984 587 2055 quo
616 1961 912 2032 commemoratio
945 1962 1135 2033 annuatim
1164 1984 1230 2055 pro
1258 1960 1500 2034 anniuersario
1530 1963 1576 2035 de
1603 1965 1711 2035 terris
1734 1966 1781 2035 de

440 2070 715 2168 chhynstyuk
732 2071 765 2165 vj
785 2074 814 2145 i.
832 2072 893 2167 viij
911 2068 948 2143 d.

948 2296 1092 2369 Alanus
1108 2297 1255 2369 Fwthes
1272 2337 1282 2355 ·

442 2412 646 2485 Vndecimo
664 2409 838 2483 kalendas
854 2408 1021 2481 octobris
1035 2409 1316 2483 anniuersarium
1329 2408 1488 2507 magistri
1506 2412 1617 2484 Alani
1635 2411 1783 2483 Fwthes

441 2524 692 2599 secundariae
710 2523 772 2615 xiij
792 2524 822 2595 ἔ.
839 2522 890 2616 iiij
909 2518 944 2593 d.
964 2521 1129 2595 leuandis
1145 2526 1333 2595 annuatim
1359 2524 1405 2595 de
1430 2524 1589 2595 dominio
1616 2524 1662 2595 de
1683 2523 1781 2597 Glak

440 2662 506 2735 per
521 2644 789 2732 procuratorem
807 2658 1037 2707 communem
1055 2634 1205 2729 capituli
1223 2675 1232 2691 ·

908 2858 1119 2932 Willelmus
1137 2858 1310 2954 Squar·

442 2976 580 3062 Quinto
598 2973 770 3045 kalendas
789 2972 1010 3044 Nouembris
1023 2973 1145 3044 obitus
1157 2971 1252 3043 bone
1264 2976 1437 3045 memorie
1450 2974 1587 3047 domini
1599 2976 1781 3051 Willelmi

442 3089 611 3183 Square
628 3087 674 3158 de
692 3108 763 3179 quo
789 3087 1084 3159 commemoratio
1101 3085 1147 3155 de
1164 3084 1290 3155 decem
1315 3082 1436 3156 solidis
1462 3086 1507 3159 de
1532 3085 1717 3162 mansione
1736 3092 1783 3163 de

442 3199 632 3273 Murthelo
653 3200 842 3271 annuatim
865 3206 904 3271 et
924 3220 989 3292 pro
1013 3198 1134 3269 anima
1156 3192 1317 3291 magistri
1335 3196 1528 3269 Cuthberti
1555 3201 1781 3297 prebendarij

442 3312 599 3385 eiusdem
614 3350 623 3369 ·

879 3534 1097 3607 Laurentius
1114 3531 1333 3605 Duncanl'on
1351 3574 1360 3590 ·

445 3650 570 3723 Idibus
584 3649 806 3721 Nouembris
817 3644 1392 3743 magisterlraurenciusDuncani
1405 3648 1557 3719 vicarius
1568 3647 1783 3747 deLongley

445 3761 602 3835 contulit
619 3760 701 3832 Deo
726 3762 967 3855 omnipotenti
993 3771 1032 3833 et
1056 3759 1208 3856 gloriose
1233 3759 1363 3853 virgini
1391 3758 1511 3831 Maris
1529 3784 1571 3831 ao
1588 3763 1783 3855 capellanis

446 3875 553 3947 huius
580 3868 728 3946 ecclefie
755 3896 806 3945 xx
830 3874 860 3946 ἔ.
887 3874 1074 3945 annuatim
1100 3870 1273 3944 leuandos
1300 3871 1346 3943 de
1371 3872 1396 3965 ij
1424 3871 1559 3944 orolltis
1588 3882 1628 3945 et
1660 3875 1783 3947 manso

446 3983 624 4055 Johennis
637 3980 784 4073 Kyntor
800 3976 983 4076 burgenfis'
1001 3982 1046 4052 de
1063 3979 1259 4053 Aberdene
1276 4006 1341 4076 pro
1358 3980 1597 4055 anniuersario
1610 3982 1674 4057 suo
1691 3987 1785 4059 cele·

447 4096 584 4169 brando
602 4096 791 4191 annuatim
808 4096 845 4165 in
864 4090 1017 4166 crastino
1035 4091 1146 4166 sancti
1168 4093 1371 4187 Mauohorij
1389 4118 1473 4167 cum
1491 4097 1550 4167 ix·
1570 4095 1784 4171 leitionibus

447 4218 485 4279 et
503 4202 612 4277 miffis
629 4208 667 4277 in
685 4202 838 4278 crastino
855 4201 1083 4301 fingula'riter
1098 4217 1207 4299 prout
1224 4209 1262 4277 in
1280 4209 1387 4279 cartis
1405 4210 1635 4307 continetur·

910 4428 1121 4501 Willelmus
1138 4430 1292 4524 Calabyr
1309 4475 1317 4491 ·

446 4542 598 4615 Decimo
616 4544 743 4636 quinto
761 4542 933 4615 kalendas
948 4542 1160 4615 Decembris
1177 4544 1297 4615 obitus
1310 4544 1405 4615 bone
1419 4545 1590 4616 memorie
1604 4544 1783 4621 Willelmi
