4050 5534
426 651 472 717 89
946 639 1255 714 REGISTRUM
1621 641 1772 736 [secum

426 845 472 916 ad
498 844 612 916 altare
637 860 853 914 oonrrrnoa
879 861 956 911 nso
982 861 1106 910 annno
1133 859 1255 911 usura
1281 860 1455 911 ouuraus
1475 860 1629 911 suncms
1655 881 1663 896 ·
1690 862 1774 910 con-

426 955 550 1028 uersus
562 957 606 1027 ad
618 955 768 1026 chorum
783 973 831 1024 an
845 973 957 1023 vcors
973 973 1137 1024 naccam
1156 971 1539 1024 u1n1sooa1rnnrous
1557 971 1772 1023 accurrens

428 1089 476 1140 nn
494 1088 618 1139 orans
641 1086 720 1136 uas
749 1086 870 1136 cuma
899 1105 907 1122 ·
934 1065 1018 1134 dein
1037 1062 1210 1157 aspiciens
1227 1065 1272 1135 ad
1291 1063 1404 1136 altare
1422 1085 1570 1136 rancor
1597 1083 1771 1136 snucrnu

429 1201 581 1251 nnumin
598 1199 726 1250 onnes
744 1197 906 1248 ssncnos
920 1197 968 1247 nn
981 1195 1143 1247 saneris
1163 1197 1228 1246 nar
1245 1174 1769 1269 ·deindeaspioienschoru1n·

325 1313 327 1316 ’
428 1313 477 1364 ΕΤ
507 1313 577 1364 vos
606 1311 733 1362 ouran
764 1309 837 1360 ruo
868 1310 922 1360 nn
954 1329 963 1346 ·
995 1288 1124 1358 chorus
1158 1285 1370 1380 respondeat
1397 1289 1441 1358 ad
1468 1312 1551 1358 eum
1582 1285 1773 1360 conuersus

428 1423 674 1475 ursnnmruu
691 1421 827 1472 vusrm
846 1419 1090 1471 ounrrornns
1109 1419 1207 1470 nnus
1224 1409 1273 1472 etc
1290 1440 1298 1457 ·
1318 1397 1449 1471 Postea
1465 1403 1580 1493 primo
1598 1401 1643 1472 ad
1660 1400 1773 1470 altare

429 1513 622 1588 conuersus
655 1515 751 1585 dicat
787 1533 1004 1583 courrrnon
1035 1511 1165 1582 deinde
1191 1513 1234 1582 ad
1265 1510 1487 1583 sacerdotem
1513 1509 1706 1584 conuersus
1734 1521 1772 1580 vt

428 1629 528 1720 prius
552 1624 715 1698 sacerdos
741 1623 776 1695 se
801 1624 929 1694 habuit
947 1665 956 1680 ·
976 1621 1121 1694 Deinde
1148 1625 1245 1695 dicat
1270 1621 1433 1696 sacerdos
1451 1625 1495 1696 ad
1514 1626 1665 1696 chorum
1690 1645 1774 1694 eon-

429 1736 551 1810 uersus
572 1757 816 1808 ursnaannun
835 1756 970 1806 vasam
997 1753 1241 1806 onmnonnns
1260 1755 1358 1807 nnus
1375 1745 1424 1808 etc
1441 1779 1449 1794 ·
1469 1735 1774 1808 Ansonumousu

430 1871 478 1922 nn
504 1867 762 1921 rememorem
787 1856 836 1919 etc
852 1885 861 1902 ·
879 1847 1022 1932 Quibus
1049 1845 1154 1918 dictis
1180 1847 1396 1941 expleantur
1412 1873 1536 1943 preces
1552 1872 1653 1920 more
1670 1847 1773 1918 solito

431 1983 529 2034 nnus
546 1983 597 2033 nu
616 1980 838 2033 conuersus
857 1979 1093 2032 vmrrrcsms
1111 1981 1182 2031 uos
1198 1969 1271 2032 etc·

430 2188 488 2259 De
505 2187 622 2258 officio
638 2183 819 2257 rethorum
846 2185 944 2256 chori
970 2185 1015 2255 ad
1043 2182 1206 2278 vesperas
1224 2195 1262 2256 et
1281 2187 1479 2257 matutinas
1502 2181 1639 2256 millam
1665 2196 1704 2255 et
1729 2183 1773 2255 ad

989 2295 1078 2368 alias
1095 2297 1199 2369 horas
1218 2337 1225 2354 ·

430 2523 476 2594 Iu
506 2522 756 2596 Srurnrcrnus
781 2517 880 2593 sestis
904 2543 988 2592 cum
1009 2521 1186 2616 regimine
1210 2521 1308 2593 chori
1327 2531 1365 2592 et
1383 2524 1420 2592 in
1440 2523 1628 2594 dominicis
1646 2524 1775 2615 princi-

428 2635 519 2728 palis
537 2635 653 2706 rethor
678 2633 776 2704 chori
794 2633 840 2704 ab
858 2634 963 2704 initio
980 2633 1026 2703 ad
1045 2629 1208 2726 vesperas
1234 2632 1469 2726 antiphonam
1494 2632 1600 2728 super
1623 2633 1775 2727 psalmos

429 2756 467 2816 et
484 2743 701 2838 psalmorum
725 2745 988 2816 intonationem
1008 2753 1047 2814 et
1066 2743 1304 2816 differentiam
1323 2769 1344 2816 a
1361 2755 1510 2816 cantore
1536 2757 1663 2838 querat
1689 2789 1697 2804 ·
1726 2745 1775 2816 Et

429 2859 467 2927 in
493 2856 649 2928 seeundo
675 2856 789 2950 gradu
816 2856 951 2926 debent
976 2857 1087 2948 incipi
1112 2857 1181 2927 hoc
1207 2852 1346 2948 quesrto
1372 2857 1463 2928 illud
1489 2860 1594 2930 iuxta
1618 2861 1774 2930 cantoris

428 2970 674 3062 inceptionem
701 2964 726 3038 fi
753 2966 874 3060 plures
899 2969 1097 3061 antiphone
1124 2969 1260 3039 suerint
1277 2967 1383 3061 super
1409 2967 1563 3061 psalmos
1580 2966 1772 3041 secundam

429 3082 663 3174 antiphonam
679 3089 716 3151 et
730 3095 895 3171 quartam
913 3077 1142 3151 secundarius
1159 3081 1276 3152 redtor
1289 3083 1416 3152 eodern
1436 3082 1561 3153 ordine
1574 3083 1773 3174 eodemque

429 3195 639 3287 grauamine
652 3201 779 3282 querat
797 3199 835 3261 et
853 3194 1019 3284 iniungat
1036 3230 1044 3246 ·
1063 3191 1103 3262 Si
1122 3215 1207 3263 vero
1221 3191 1480 3286 responsorium
1495 3190 1539 3265 sit
1552 3195 1597 3266 ad
1612 3192 1773 3286 vesperas

429 3304 648 3376 cantandum
667 3313 755 3374 tunc
772 3302 977 3396 principalis
994 3305 1112 3373 rettor
1129 3301 1208 3397 post
1229 3305 1494 3376 inchoationem
1513 3309 1631 3400 quarti
1649 3303 1774 3400 psalmi

429 3412 688 3508 responsorium
714 3438 735 3485 a
760 3425 908 3485 cantore
925 3415 1083 3506 inquirat
1101 3427 1138 3486 et
1157 3439 1178 3486 a
1196 3440 1268 3508 qno
1286 3417 1342 3487 vel
1361 3441 1383 3487 a
1399 3419 1529 3509 quibus
1556 3413 1601 3488 stt
1626 3426 1773 3489 cantan-

429 3530 516 3598 dum
535 3525 602 3596 -Si
628 3551 650 3598 a
675 3527 815 3596 duobus
841 3521 886 3597 srt
912 3528 1133 3598 cantandum
1161 3536 1250 3598 tune
1275 3528 1483 3621 principalis
1509 3531 1625 3600 rethor
1649 3527 1773 3599 secun-

429 3640 528 3710 dario
553 3636 812 3731 responsorium
838 3635 1013 3732 significet
1032 3649 1069 3710 et
1087 3665 1108 3710 a
1126 3663 1197 3732 quo
1220 3636 1263 3710 lit
1289 3641 1510 3711 cantandum
1528 3665 1574 3711 ex
1592 3638 1654 3711 sna
1671 3648 1772 3732 parte

428 3753 486 3821 cui
505 3747 578 3842 ipse
592 3749 747 3820 voluerit
759 3748 849 3819 illud
864 3750 1028 3843 iniungat
1044 3792 1051 3807 ·
1067 3751 1197 3821 deinde
1209 3752 1305 3822 idem
1316 3754 1432 3822 ratior
1444 3775 1619 3846 ympnnm
1633 3749 1772 3822 versum

428 3872 465 3932 et
484 3861 716 3953 antiphonam
732 3859 837 3953 super
854 3879 1091 3932 unonmrcnr
1110 3872 1148 3933 et
1166 3884 1363 3936 nauoarss
1380 3873 1418 3934 et
1436 3885 1569 3936 sanun
1587 3889 1609 3936 a
1626 3875 1773 3934 cantore

428 3983 555 4066 querat
573 4013 581 4029 ·
600 3973 669 4043 hiis
686 3972 854 4042 omnibus
868 3970 1015 4063 quesitis
1030 3972 1182 4067 ipsemet
1196 3997 1369 4069 ynrpnum
1384 3977 1531 4048 inchoet
1545 4017 1553 4034 ·
1568 3975 1690 4046 versus
1708 3971 1733 4045 sr
1752 4000 1774 4045 a

428 4086 568 4156 duobus
586 4080 630 4153 sit
644 4084 817 4155 dicendus
830 4105 894 4175 per
907 4081 942 4153 se
956 4093 994 4154 et
1006 4082 1256 4158 secundarium
1275 4086 1415 4158 duobus
1433 4091 1553 4180 pneris
1570 4111 1617 4159 ex
1636 4088 1774 4158 duabus

427 4198 525 4266 chori
537 4195 699 4288 partibus
710 4192 1113 4289 iniungatur·s1autem
1126 4199 1171 4270 ab
1183 4221 1253 4270 vno
1265 4197 1338 4269 solo
1349 4196 1460 4293 perse
1471 4199 1774 4271 tantum-deinde

428 4309 661 4400 aritiphonam
680 4305 786 4400 super
802 4328 1040 4379 unorumcnn
1057 4311 1223 4405 iniungat
1240 4323 1278 4382 et
1296 4309 1472 4404 psalmum
1496 4309 1611 4405 ipsum
1631 4315 1773 4382 intonet

428 4421 514 4490 dum
549 4420 682 4490 dicitur
711 4420 826 4489 oratio
857 4439 1131 4493 nnunmcnnus
1161 4425 1218 4494 cui
1246 4422 1401 4492 voluerit
1431 4423 1597 4518 iniungat
1626 4463 1634 4478 ·
1667 4421 1717 4492 Et
1746 4417 1773 4490 fi

427 4531 562 4625 duplex
580 4527 710 4601 festum
737 4531 847 4600 suerit
864 4528 1094 4605 secundarius
1112 4557 1158 4606 ex
1176 4543 1279 4627 parte
1304 4532 1367 4606 sua
1391 4536 1558 4630 iniungat
1576 4553 1774 4606 munemne
