4050 5534
268 672 367 767 xm]
669 691 672 698 ·
734 667 1141 745 Annnnonsnsn.
1567 677 1614 741 aa

350 929 408 1000 De
426 925 673 999 iurisdittionc
692 927 819 999 decani
838 949 921 998 cum
939 924 1099 1018 capitulo
1117 924 1212 996 infra
1228 932 1336 1014 cepta
1352 921 1497 996 claustri
1516 967 1524 981 ·

264 1096 402 1191 Singuli
421 1105 546 1168 autem
565 1097 730 1167 canonici
744 1096 881 1166 decano
899 1088 1050 1185 simplici
1068 1091 1179 1163 verbo
1196 1091 1446 1164 obedienciam
1463 1095 1614 1186 promit-

264 1218 341 1279 tant
355 1248 363 1264 ·
378 1209 447 1279 hoc
460 1208 559 1278 idem
573 1208 619 1278 ad
631 1207 924 1278 archidiaconum
938 1204 1107 1275 volumus
1119 1204 1269 1274 extendi
1283 1242 1291 1260 ·
1306 1205 1504 1275 adicientes
1517 1207 1613 1297 quod

264 1317 458 1414 Episcopus
485 1319 579 1390 infra
600 1329 709 1412 cepta
728 1315 874 1390 claustri
901 1319 1158 1388 canonicorum
1175 1318 1214 1386 in
1232 1318 1423 1388 canonicos
1439 1315 1501 1387 seu
1519 1320 1615 1389 vica·

262 1433 331 1501 rios
348 1431 406 1502 vel
425 1453 551 1502 eorum
576 1431 758 1524 mancipia
775 1431 916 1501 ratione
935 1428 1149 1500 delictorum
1167 1429 1302 1499 ibidem
1322 1437 1612 1522 perpetratorum

263 1539 335 1613 srue
352 1546 558 1614 contractus
581 1539 656 1613 siue
678 1544 732 1612 rei
758 1540 898 1612 nullam
927 1539 1066 1632 prorsus
1089 1540 1223 1612 babeat
1248 1538 1526 1612 iurisdittionem
1552 1539 1613 1613 sed

263 1655 306 1725 ad
323 1655 523 1748 capitulum
541 1663 687 1725 tantum
706 1663 745 1725 et
763 1654 940 1724 decanum
958 1653 1018 1724 cui
1036 1675 1082 1722 ex
1101 1652 1225 1723 debito
1237 1653 1344 1746 officij
1363 1649 1416 1723 sui
1433 1655 1614 1725 incumbit

265 1764 343 1860 [ut]
363 1768 531 1839 omnibus
548 1767 731 1837 canonicis
744 1775 783 1836 et
797 1766 940 1856 vicarijs
953 1766 990 1834 in
1004 1767 1207 1835 animarum
1225 1767 1403 1859 regimine
1414 1789 1458 1837 ac
1470 1788 1612 1836 morum

264 1878 516 1951 reformatione
547 1880 749 1971 preminent
780 1899 906 1946 omnes
939 1874 1144 1947 huiusmodi
1178 1874 1282 1948 cause
1313 1875 1475 1970 spectant
1505 1888 1544 1949 et
1574 1880 1610 1948 in

263 1990 421 2083 capitulo
434 1991 639 2061 tractentur
648 1999 687 2060 et
700 1988 834 2059 iudicio
846 1988 994 2081 capituli
1009 1989 1272 2059 terminentur·
1286 1985 1458 2060 Excessus
1468 2013 1612 2082 quoque
1623 2001 1768 2068 erum

263 2103 517 2172 canonicorum
535 2111 574 2172 et
591 2103 805 2172 vicariorum
832 2109 870 2170 et
896 2099 1109 2171 clericorum
1135 2109 1174 2171 et
1200 2122 1325 2170 eorum
1349 2102 1612 2194 mancipiorum
1626 2067 1825 2124 “mmm

263 2215 367 2285 iuxta
383 2214 629 2307 quantitatem
648 2213 771 2284 delidti
789 2220 827 2282 et
845 2210 1060 2303 qualitatem
1077 2209 1309 2304 personarum
1322 2211 1613 2304 delinquentium

264 2323 459 2400 secundum
485 2324 739 2396 discretionem
763 2325 891 2394 decani
917 2333 956 2394 et
982 2323 1133 2416 capituli
1160 2325 1388 2418 corrigantur
1404 2333 1443 2395 et
1465 2321 1615 2418 persone

266 2437 555 2530 delinquentium
574 2437 773 2531 puniantur
790 2475 798 2492 ·

604 2658 662 2731 De
679 2655 861 2730 solucione
878 2657 1011 2728 iurium
1030 2656 1249 2729 funeralium
1267 2699 1276 2714 ·

266 2882 328 2953 Ad
353 2883 421 2955 bec
447 2892 571 2953 autem
597 2879 788 2953 statuendo
805 2879 1039 2953 discernimus
1059 2883 1155 2972 quod
1173 2905 1196 2952 a
1211 2883 1394 2954 canonicis
1411 2886 1551 2977 vicarijs
1576 2898 1615 2955 et

267 2995 405 3066 clericis
428 3017 497 3066 nec
514 3017 587 3065 non
605 3002 786 3065 eteorum
811 2995 999 3086 mancipijs
1022 2993 1117 3064 infra
1139 2989 1335 3065 claustrum
1355 2996 1615 3068 decedentibus

267 3105 377 3177 nichil
404 3108 544 3178 ratione
568 3106 755 3198 mortuarij
774 3105 819 3177 ab
837 3105 958 3196 aliquo
985 3106 1178 3200 exigatur·
1196 3101 1258 3176 sed
1276 3115 1422 3179 tantum
1439 3106 1616 3179 sufficiant
1627 3102 1802 3225 &Qu
1813 3115 1866 3170 ΡΝ

266 3218 425 3312 gratuite
452 3217 743 3310 oblationesque
761 3218 797 3288 in
816 3213 1131 3310 solempnitatibus
1156 3215 1337 3289 missarum
1353 3240 1419 3311 pro
1436 3219 1615 3291 defunctis

268 3328 465 3401 offerentur
479 3367 490 3385 ·

478 3551 536 3624 De
553 3553 670 3624 officio
688 3549 843 3646 episcopi
862 3561 900 3623 ct
918 3553 1047 3624 decani
1064 3553 1102 3623 in
1120 3554 1199 3624 eiua
1215 3550 1407 3626 absencia·

270 3777 365 3848 Item
383 3775 506 3848 nullus
519 3776 732 3848 clericorum
751 3776 796 3846 de
813 3777 929 3867 primo
947 3777 1061 3870 gradu
1078 3799 1197 3868 neque
1215 3779 1260 3847 de
1277 3775 1434 3850 secundo
1451 3779 1489 3849 in
1507 3779 1614 3851 choro
1628 3791 1778 3848 stomin
1792 3788 1822 3842 in
1834 3789 1917 3854 :turn

267 3889 474 3959 admittitur
498 3885 564 3958 nili
591 3888 806 3958 audoritate
829 3887 956 3958 decani
983 3898 1023 3959 ct
1049 3888 1198 3981 capituli
1223 3932 1231 3948 ·
1254 3899 1420 3981 preterea
1447 3891 1615 3963 omnibus

268 3999 462 4070 maioribus
480 3998 683 4091 duplicibus
700 3994 798 4069 sestis
814 4019 1028 4089 perannum
1045 3998 1193 4070 absente
1210 3996 1376 4094 episcopo
1389 4011 1427 4072 et
1445 4002 1482 4072 in
1500 3999 1616 4094 prima
1628 4004 1719 4071 Mis
1730 4002 1899 4100 &sufflabo

267 4111 448 4182 dominica
464 4109 661 4180 Aduentus
678 4118 716 4179 et
738 4110 774 4178 in
792 4108 973 4180 dominica
990 4109 1198 4181 Palmarum
1224 4120 1264 4182 et
1283 4114 1321 4181 iu
1344 4114 1464 4205 capite
1481 4112 1614 4208 Ieiunij

267 4223 369 4292 etin
396 4221 510 4292 tribus
540 4221 669 4291 diebus
698 4230 785 4292 ante
811 4217 948 4292 Pascha
972 4231 1010 4292 et
1037 4223 1075 4292 in
1101 4221 1226 4316 vigilia
1251 4220 1477 4294 Pentecostis
1507 4236 1545 4296 et
1576 4228 1614 4298 in

267 4329 516 4426 anniuersarijs
543 4331 791 4425 episcoporum
809 4340 846 4404 ct
865 4333 1084 4404 decanorum
1101 4330 1251 4406 eoeleste
1277 4335 1442 4406 diuinum
1469 4348 1616 4412 tenetur

268 4446 426 4518 decanus
449 4467 619 4516 exercere
643 4443 801 4516 officium
818 4482 826 4501 ·
844 4446 1045 4518 minoribus
1063 4467 1148 4517 vcro
1165 4442 1265 4518 festia
1282 4446 1485 4540 duplicibus
1502 4454 1614 4522 ceteri
1627 4454 1717 4521 §2¹¹³
1729 4454 1840 4508 mlum

270 4557 433 4630 canonici
454 4555 691 4652 dignitatibus
716 4557 847 4652 prediti
868 4552 1062 4632 succelsrus
1080 4558 1138 4631 vel
1155 4558 1215 4652 aiij
1233 4562 1396 4632 canonici
1413 4559 1614 4638 sacerdotes
