4050 5534
219 661 301 756 xc]
689 651 1090 727 Annnnormrrss.
1488 658 1556 728 129

218 861 421 934 Bernardus
437 847 542 954 sup⁶er
567 852 738 931 Genesim
763 863 802 927 et
827 853 955 946 incipit
976 850 1210 924 seruantem
1229 860 1302 924 erut
1319 892 1327 909 ·
1345 854 1383 923 in
1402 847 1555 922 secundo

219 971 536 1158 suffifflgs
548 1075 745 1178 parisiensis
758 1081 796 1152 in
806 1076 962 1150 secundo
976 1077 1062 1151 solio
1083 1078 1164 1152 Viae
1180 1116 1188 1134 ·
1207 1075 1299 1149 Cum
1314 1077 1392 1149 aliia
1405 1073 1553 1148 diuersis

267 1197 482 1270 tractatibus
500 1236 508 1253 ·

542 1531 727 1625 Incipiunt
752 1549 858 1601 mem
885 1549 989 1600 1us1s
1013 1549 1196 1601 cssosrcr
1222 1569 1230 1585 ·

221 1759 326 1831 Vnus
343 1759 434 1830 liber
450 1755 686 1829 decretalium
704 1755 879 1847 incipiens
897 1755 934 1823 in
952 1750 1107 1824 secundo
1124 1753 1210 1824 folio
1233 1752 1296 1825 Ad
1303 1753 1453 1850 saltitem
1471 1795 1478 1811 ·

219 1869 326 1942 Alius
343 1869 434 1941 liber
451 1867 687 1941 decretalium
704 1866 880 1958 incipiens
896 1867 934 1935 in
951 1862 1107 1936 secundo
1125 1864 1210 1962 folip
1233 1863 1388 1938 Vidimus
1405 1908 1413 1924 ·

218 1981 361 2054 Tertius
372 1981 465 2053 liber
477 1980 712 2053 decretalium
726 1979 901 2072 incipiens
916 1979 955 2047 in
973 1974 1127 2048 secundo
1138 1976 1224 2048 folio
1233 1975 1387 2073 Spiritus
1387 1972 1555 2079 scudic-

219 2090 379 2176 Quartus
396 2089 488 2160 liber
505 2087 740 2160 decretalium
757 2086 933 2179 incipiens
949 2088 988 2157 in
1004 2085 1159 2158 secundo
1177 2088 1263 2160 folio
1280 2085 1343 2160 Ea
1357 2088 1480 2162 Maria
1497 2133 1505 2147 ·

221 2200 432 2274 Decretules
465 2223 575 2294 parue
608 2200 647 2270 in
681 2193 849 2270 asseribus
883 2196 967 2270 date
996 2223 1061 2292 per
1088 2195 1298 2294 magistmm
1327 2199 1555 2274 Willelmum

269 2310 423 2406 Ramsay
439 2314 478 2382 in
496 2311 650 2383 secundo
669 2309 755 2381 folio
772 2311 810 2379 in
829 2318 936 2380 textu
956 2308 1097 2383 Variam
1114 2309 1238 2404 sceleste
1248 2310 1384 2411 fatetur
1400 2350 1408 2367 ·

223 2423 419 2496 Decretum
436 2424 612 2517 incipiens
628 2423 665 2492 in
684 2419 839 2492 secundo
857 2420 942 2492 solio
961 2421 1120 2520 Quodsss
1137 2426 1307 2522 ccrriput·

223 2537 421 2610 Decretum
439 2537 613 2630 incipiens
630 2531 841 2605 insecundo
858 2531 945 2604 folio
962 2536 1000 2604 in
1018 2544 1126 2607 textu
1147 2533 1331 2610 Prouiccc'e
1348 2577 1355 2594 ·

223 2649 421 2722 Decretum
438 2649 569 2721 modici
587 2646 716 2719 valoris
733 2645 909 2738 incipiens
924 2647 963 2716 in
979 2645 1135 2720 secundo
1152 2648 1238 2720 folio
1255 2650 1294 2720 in
1311 2659 1417 2725 textu
1434 2661 1506 2726 tus·

223 2761 359 2833 Sextus
391 2759 548 2856 glosatus
582 2783 647 2854 per
675 2755 891 2830 cardinalem
925 2759 964 2829 iu
995 2757 1151 2833 secundo
1185 2760 1271 2832 folio
1307 2763 1346 2832 in
1378 2774 1485 2838 textu
1501 2767 1559 2840 tus

273 2882 463 2968 coopertus
480 2874 525 2942 de
541 2873 644 2966 nigro
661 2893 765 2943 coreo
783 2908 792 2925 ·

223 2986 375 3057 Summa
391 2985 437 3056 de
455 2978 593 3055 casibus
611 2976 771 3055 Ostensrs
787 2982 962 3074 incipiens
978 2985 1016 3053 in
1034 2982 1188 3056 secundo
1206 2984 1291 3057 folio
1309 2985 1406 3060 Neue
1421 2987 1502 3088 lapis
1520 3034 1527 3049 ·

225 3097 260 3168 N
265 3097 386 3169 uuella
401 3095 426 3167 J
428 3096 579 3167 ohannis
595 3093 744 3166 Andree
766 3091 872 3188 super
888 3095 1087 3168 decretales
1104 3099 1142 3168 in
1160 3098 1299 3170 duobus
1316 3100 1559 3176 voluminibus

273 3211 390 3303 prima
405 3230 486 3302 pars
502 3209 540 3278 in
557 3203 712 3278 secundo
729 3205 815 3277 folio
842 3202 948 3301 Vsque
973 3247 981 3264 ·
1007 3217 1047 3280 et
1063 3206 1218 3280 secunda
1234 3233 1315 3302 pars
1340 3215 1378 3284 in
1404 3211 1559 3288 secundo

273 3321 359 3393 folio
375 3317 643 3416 Excepticncm·

225 3430 386 3504 Nouella
400 3430 577 3502 iohannis
594 3428 743 3501 Andree
768 3427 873 3524 super
896 3427 1040 3502 sextum
1057 3433 1093 3501 in
1112 3427 1266 3505 secundo
1283 3437 1369 3508 folio
1394 3437 1458 3536 Est
1484 3443 1558 3513 ite·

276 3543 327 3615 Et
343 3545 380 3615 in
399 3540 669 3614 mercurialibus
685 3543 722 3611 in
739 3540 811 3613 alio
836 3542 1020 3614 volumine
1043 3566 1116 3614 non
1141 3542 1310 3620 asseribus
1326 3547 1387 3622 sed
1404 3552 1558 3645 pellibus

275 3655 447 3728 viridibus
463 3655 502 3724 in
519 3651 675 3724 secundo
691 3652 778 3724 solio
798 3651 946 3726 Preme·

225 3767 368 3863 Dignus
385 3767 430 3837 de
446 3763 581 3861 regulis
597 3765 685 3836 iuris
700 3767 739 3836 in
756 3766 912 3861 pellibus
929 3767 1101 3839 viridibus
1118 3770 1155 3839 in
1173 3767 1327 3843 secundo
1340 3775 1425 3848 folio
1442 3780 1541 3852 mict-

224 3877 382 3950 Ledtura
397 3876 502 3971 super
518 3875 718 3949 decretales
730 3879 905 3973 incipiens
921 3882 959 3948 in
976 3876 1133 3951 secundo
1146 3881 1232 3952 folio
1247 3881 1366 3959 Credit
1377 3888 1558 3983 ccclcflcm·

224 3989 382 4062 hedure
397 3988 605 4082 Innocencij
619 3991 657 4061 in
674 3985 841 4062 asseribus
857 3992 895 4061 in
912 3987 1067 4062 secundo
1085 3991 1170 4062 folio
1186 3991 1288 4067 Sedis
1305 4037 1313 4052 ·

223 4101 423 4197 Speculum
440 4100 609 4173 iudiciale
625 4103 800 4195 incipiens
816 4103 854 4172 in
872 4098 1027 4174 secundo
1045 4101 1130 4174 folio
1146 4101 1300 4202 Siapuls's
1317 4150 1325 4167 ·

223 4213 339 4285 Aliud
371 4211 556 4307 speculum
580 4211 749 4285 iudiciale
774 4215 811 4284 in
838 4212 993 4286 secundo
1018 4213 1105 4286 folio
1140 4213 1189 4287 mi
1214 4220 1304 4291 circa
1332 4223 1425 4316 μήνι’
1450 4237 1489 4299 et
1522 4232 1559 4302 in

272 4327 383 4397 tertio
401 4323 488 4396 folio
504 4322 647 4396 Mittere
664 4364 672 4381 ·

223 4437 418 4509 Rufriedus
436 4437 481 4508 de
498 4436 624 4507 ordine
640 4434 853 4508 iudiciomm
871 4440 1045 4532 incipiens
1061 4441 1100 4510 in
1117 4437 1376 4531 secundosolio
1392 4450 1467 4522 rius
1484 4495 1492 4510 ·

224 4549 521 4643 Extrauagantes
531 4545 556 4617 J
558 4547 708 4620 ohannis
718 4549 794 4642 xxij
805 4547 982 4646 glosatum
995 4573 1060 4644 per
1071 4549 1285 4628 Gellllinum
1297 4581 1378 4632 cnm
1390 4578 1564 4658 apparatu

275 4681 363 4733 vor..
382 4681 424 4732 11.
890 4683 915 4734 s
