4050 5534
231 671 328 767 xvh]
697 668 1103 746 aanauonsnsu.
1226 739 1230 746 .
1504 680 1574 753 ros

278 873 373 946 Item
392 874 437 945 ad
456 868 737 966 altare'oapitnli
752 874 823 944 duo
841 872 1106 969 lintheamina·

280 987 373 1059 Item
393 986 439 1058 ad
456 984 570 1058 altare
587 986 692 1057 iuxta
709 983 889 1057 summum
907 986 1022 1059 altare
1039 988 1084 1060 ad
1102 985 1397 1081 septemtrionem
1415 989 1487 1060 duo
1504 988 1573 1060 liu·

231 1101 403 1172 thiamina
420 1120 502 1169 cnm
516 1120 586 1167 vno
604 1098 823 1191 antependio
841 1120 888 1169 ex
905 1096 997 1169 satin
1016 1093 1207 1195 brugensi·

276 1870 431 1942 Demum
441 1871 548 1941 huius
562 1867 711 1943 ecclesie
725 1864 970 1942 calamitatem
984 1867 1113 1941 uostris
1126 1872 1350 1966 temporibus
1361 1873 1461 1942 vonit
1474 1892 1571 1941 com·

234 1982 537 2055 memorandum·
569 1981 676 2068 Quod
704 1992 846 2053 veteres
879 1977 950 2051 suis
984 1982 1175 2055 annalibus
1204 1985 1397 2076 quotannis
1426 1986 1571 2077 egregia

234 2096 388 2167 facinora
412 2096 541 2167 itidem
568 2104 606 2167 et
630 2094 775 2167 suorum
800 2103 1007 2187 temporum
1026 2095 1252 2169 calamitates
1267 2094 1341 2167 suis
1358 2092 1507 2189 posteris
1524 2095 1569 2166 ad

234 2207 387 2279 suturam
412 2208 465 2279 rei
491 2208 702 2279 memoriam
728 2207 835 2279 cartis
861 2215 899 2277 et
925 2208 1144 2279 membranis
1161 2210 1206 2280 ad
1223 2209 1400 2280 bonorum
1426 2208 1569 2291 landem

234 2330 270 2389 et
294 2318 443 2415 gloriam
472 2319 733 2426 exultationem
757 2342 802 2390 ve
825 2320 969 2390 virtutis
995 2319 1174 2392 malorum
1193 2344 1277 2393 vero
1303 2321 1452 2393 dedicus
1468 2334 1571 2391 vetu-

234 2432 370 2523 perium
398 2440 437 2503 et
464 2431 700 2526 ignominiam
726 2427 944 2502 consueuere
967 2469 975 2486 ·
1001 2429 1057 2502 At
1082 2456 1148 2504 nos
1178 2458 1263 2505 cum
1291 2436 1376 2526 qnid
1407 2434 1570 2504 videmus

233 2552 294 2614 aut
311 2544 476 2615 audimus
490 2544 633 2637 egregie
650 2544 784 2614 fabum
802 2552 909 2637 turpe
922 2540 1151 2615 inhonestum
1168 2541 1382 2623 inusitatum
1399 2568 1570 2641 magnum

233 2655 441 2728 incredibile
475 2654 666 2727 ridiculum
693 2655 730 2726 id
756 2655 819 2725 diu
845 2651 1044 2727 meminisse
1073 2654 1229 2729 solemus
1257 2667 1448 2752 propterea
1474 2657 1570 2749 quod

234 2766 332 2839 nulla
341 2763 407 2839 nisr
421 2769 465 2841 nd
476 2792 573 2840 noua
585 2776 649 2839 aut
662 2790 720 2840 res
738 2767 920 2839 mirabiles
937 2776 1191 2839 commonetur
1206 2770 1369 2841 animus·
1390 2766 1573 2853 Quamob-

234 2902 307 2951 rem
343 2881 440 2953 haud
465 2881 747 2975 pretereundum
774 2879 945 2950 duximus
970 2880 1039 2951 hac
1064 2876 1185 2952 nostra
1210 2876 1427 2974 tempestate
1456 2879 1571 2975 Angli

234 2992 439 3079 (Scotorum
465 2992 568 3087 Rege
592 2991 731 3063 Jacobo
757 2993 885 3085 quinto
911 2992 956 3063 de
982 2992 1102 3063 medio
1127 2990 1282 3083 sublato)
1309 2993 1470 3065 Scotiam
1487 2995 1572 3087 igne

234 3113 270 3174 et
300 3105 393 3176 ferro
423 3101 601 3176 hostiliter
630 3105 845 3177 inuadentes
873 3128 968 3176 anno
994 3100 1178 3198 salutigeri
1213 3114 1337 3198 partus
1371 3115 1499 3197 quarto
1533 3115 1571 3175 et

234 3211 501 3311 quadragesimo
547 3212 661 3311 sesqui
711 3212 901 3288 millesimo
943 3217 1164 3289 reuerendus
1206 3215 1310 3309 pater
1351 3215 1572 3289 Guilielmus

235 3328 431 3425 Stenardus
451 3330 567 3400 huius
600 3328 728 3422 templi
762 3325 1033 3405 Aberdonenlis
1065 3324 1215 3400 antistes
1248 3337 1351 3399 metu
1388 3325 1571 3421 perculsus

234 3441 358 3514 iocalia
375 3454 548 3539 argentea
572 3450 855 3534 ornamentaque
882 3463 928 3511 ex
953 3463 1041 3513 auro
1071 3439 1195 3511 textili
1219 3439 1423 3511 holocerico
1440 3451 1479 3511 et
1496 3441 1573 3533 pal·

235 3564 330 3625 mato
348 3576 431 3625 oum
455 3552 568 3625 auleis
579 3555 713 3647 tapetis
725 3577 766 3624 ao
777 3549 1088 3647 peristromatibus
1099 3550 1257 3623 eiusdem
1273 3575 1334 3622 rus
1346 3548 1571 3625 custodiendi

236 3664 338 3738 cansa
363 3688 446 3739 oum
476 3664 662 3737 nonnullis
696 3662 920 3757 equestribus
950 3674 989 3735 et
1018 3661 1244 3757 pedestribus
1277 3664 1471 3735 clientibus
1500 3662 1572 3737 suis

236 3774 464 3872 transportari
490 3787 528 3849 et
546 3777 675 3850 abduci
703 3773 881 3848 iussisset·
908 3774 980 3847 Sed
999 3798 1083 3847 cum
1100 3773 1279 3869 paulisper
1304 3786 1571 3869 transpontem

237 3885 377 3961 Donam
394 3891 613 3961 veherentur
638 3888 722 3960 dolo
738 3889 864 3960 fraude
882 3896 920 3959 et
943 3886 1081 3982 inlidijs
1093 3885 1278 3961 cniusdam
1290 3888 1419 3960 Jacobi
1438 3888 1574 3963 Forbes

236 3998 443 4073 aCorsmda
468 4024 551 4073 cum
567 4001 753 4073 nonnullis
779 4000 972 4073 comitibus
997 4011 1036 4074 et
1062 3999 1280 4073 satellitibus
1306 3999 1467 4072 Sathane
1489 4001 1574 4098 filijs

236 4110 351 4209 stipati
370 4114 493 4199 Deum
510 4139 573 4208 pro
590 4114 705 4187 oculis
722 4115 871 4185 minime
888 4113 1107 4185 habentibus
1124 4110 1296 4184 instinttu
1322 4112 1499 4184 diabolico
1518 4116 1573 4205 (rt

235 4226 463 4321 presumitur)
489 4229 611 4299 omnia
646 4235 685 4299 et
724 4222 863 4321 singula
893 4224 1028 4318 jocalia
1056 4226 1095 4297 in
1125 4224 1327 4318 supraditto
1369 4224 1573 4299 inuentario

236 4338 296 4412 sex
325 4339 498 4413 calicibus
528 4340 573 4411 ad
599 4337 700 4411 rsnm
727 4333 876 4411 ecclefie
906 4334 1097 4410 reseruatis
1125 4336 1380 4409 tantummodo
1410 4344 1573 4433 exceptis

236 4454 270 4523 ri
294 4462 333 4525 et
358 4451 533 4524 violentia
557 4462 753 4545 rapuemnt
779 4460 817 4522 et
842 4446 962 4523 secum
993 4450 1224 4523 adduxeruut
1250 4472 1293 4522 ac
1318 4436 1465 4522 realiter
1490 4476 1573 4525 cum

236 4564 362 4637 effettu
381 4565 617 4636 detinuerunt
634 4565 748 4636 donec
765 4586 831 4658 per
847 4564 1004 4637 eundem
1020 4562 1261 4637 reuerendnm
1279 4571 1419 4657 patrem
1436 4562 1576 4641 l'umma
