4050 5534
420 672 494 741 224
941 658 1246 733 REGISTRUM
1354 740 1358 749 ,
1609 660 1721 757 [secu
1739 682 1773 733 ιι

423 865 462 936 xl
480 865 509 935 ἔ.
562 860 612 934 Et
628 886 693 957 pro
710 860 790 957 alijs
808 861 947 933 duabus
965 854 1075 930 miffis
1099 882 1165 953 per
1181 860 1338 932 eundem
1363 860 1525 932 fundatis
1542 862 1581 933 in
1598 863 1711 933 tertia
1737 876 1772 931 et

426 977 530 1049 sexta
546 975 644 1069 ferijs
665 974 712 1047 do
729 972 955 1047 Vulneribus
980 970 1152 1045 videlicet
1169 982 1208 1044 et
1225 972 1271 1044 de
1289 969 1453 1043 Nomine
1469 968 1558 1043 Jesu
1575 1013 1584 1031 ·
1603 974 1650 1044 de
1676 983 1775 1045 terra

426 1088 515 1165 olim
532 1087 684 1159 Roberti
703 1085 834 1180 Smyth
853 1088 890 1157 in
909 1086 988 1157 vico
1005 1084 1187 1156 fiirearum
1204 1077 1455 1155 Aberdonenfi
1473 1106 1570 1155 nuno
1587 1080 1687 1157 vasta
1707 1108 1730 1149 v
1745 1087 1772 1157 i.

427 1200 478 1273 Et
495 1201 541 1273 de
558 1208 655 1272 terra
671 1198 758 1271 oiim
776 1196 927 1271 Andree
944 1196 1064 1290 Doriy
1080 1220 1132 1268 xx
1147 1196 1179 1269 ἔ.
1232 1194 1283 1267 lit
1299 1195 1346 1267 de
1369 1204 1467 1265 terra
1484 1194 1571 1267 olim
1588 1194 1774 1269 Glenmei·

365 1359 366 1363 η
429 1316 517 1407 ving
526 1333 624 1385 nuno
635 1320 811 1404 occupata
821 1333 886 1404 per
901 1307 1122 1381 Nieholaum
1135 1304 1346 1404 Cufingxi.
1373 1306 1424 1379 Et
1436 1306 1483 1379 de
1492 1306 1774 1381 croftisDauidis

431 1424 517 1496 Mar
533 1446 631 1495 nune
657 1425 695 1494 in
714 1422 882 1494 manibus
908 1417 1066 1517 magistri
1087 1420 1217 1493 Jacobi
1233 1418 1344 1491 Torre
1361 1428 1401 1491 ei
1422 1417 1601 1491 Johannis
1619 1418 1776 1493 Vobstar

430 1537 467 1607 in
487 1535 524 1629 ly
540 1556 653 1631 greyn
670 1536 716 1606 de
733 1531 908 1606 Aberden
926 1554 1004 1605 xxx
1022 1534 1051 1605 ἔ.
1077 1530 1129 1603 Et
1142 1533 1189 1604 de
1204 1533 1328 1604 croitis
1346 1530 1499 1605 Dauidis
1517 1529 1670 1628 Mumy
1681 1557 1775 1606 nnnc

431 1647 582 1719 Andree
599 1645 750 1742 Murray
776 1670 827 1718 xx
844 1648 874 1719 i.
927 1644 976 1717 Et
1001 1644 1047 1716 de
1072 1644 1196 1717 eruitis
1221 1639 1349 1716 nostris
1365 1645 1404 1715 in
1430 1644 1596 1715 manibus
1620 1642 1777 1741 magistri

432 1759 456 1830 J
459 1760 610 1831 ohannis
621 1756 795 1832 Gordoun
810 1755 857 1853 vij
876 1760 905 1829 ἔ.
934 1756 985 1828 Et
997 1758 1044 1829 de
1056 1765 1154 1829 terra
1166 1756 1318 1829 Roberti
1332 1754 1487 1827 (iuliane
1499 1758 1538 1827 in
1555 1755 1593 1849 ly
1605 1755 1779 1851 Schiprav

433 1873 479 1943 de
497 1868 694 1943 Aberdene
715 1894 738 1939 v
755 1872 784 1943 ii·

732 1984 883 2056 Summa
985 2036 993 2052 .
1098 2036 1105 2051 .
1207 1978 1257 2076 iiij
1277 1980 1339 2051 lib.
1358 1979 1432 2074 xvij
1452 1982 1482 2053 ἔ.

653 2206 758 2281 Feria
775 2205 878 2281 sexta
894 2229 958 2302 pro
975 2208 1097 2280 anima
1113 2201 1274 2301 magistri
1292 2203 1436 2278 Vulteri
1456 2203 1580 2277 Ydill·
1725 2156 1730 2162 ἡ

488 2319 545 2391 De
556 2324 662 2394 terris
674 2342 773 2391 nunc
783 2320 968 2413 occupatis
978 2340 1043 2414 per
1054 2317 1080 2390 J
1081 2318 1262 2389 ohannem
1279 2316 1392 2390 Abel}
1408 2327 1447 2388 et
1464 2315 1653 2391 Andxeam
1666 2316 1781 2414 Ewyn

438 2434 640 2505 iacentibus
656 2435 696 2507 in
714 2430 861 2525 Kynior
877 2454 928 2503 xx
942 2434 972 2505 ἓ.
1428 2448 1433 2455 ’

539 2657 700 2731 Sabbato
718 2679 782 2752 pro
800 2657 921 2729 anima
937 2652 1165 2749 suprascripti
1181 2650 1343 2749 magistri
1370 2653 1574 2727 Alexandri
1593 2656 1745 2730 Vause·

483 2766 1689 2861 DeterradominiJohannisFentouninnouooppidoAberdonenii
1697 2773 1783 2864 xiji.

482 2882 635 2956 Summa
652 2880 776 2955 totalis
793 2904 858 2976 pro
875 2876 986 2953 miffis
996 2876 1230 2973 sequentibus
1245 2878 1531 2977 [preoedoztibus]
1550 2884 1588 2974 xj
1605 2882 1669 2954 lib.
1680 2886 1746 2954 xix
1756 2886 1784 2955 fi.

539 3106 610 3179 Pro
628 3101 730 3180 miffn
747 3106 875 3179 vltima
897 3104 960 3177 seu
982 3102 1150 3197 suprema
1172 3104 1334 3197 quotidie
1351 3104 1567 3179 celebranda
1583 3130 1648 3201 pro
1665 3109 1785 3179 anima

539 3218 755 3291 venerabilis
772 3219 839 3289 viri
855 3212 1016 3313 magistri
1033 3215 1184 3289 Andreo
1210 3216 1316 3311 Lyell
1332 3217 1420 3291 olim
1437 3216 1646 3315 thesaurarij
1666 3219 1786 3291 Aber-

539 3325 704 3403 donenfis
722 3331 810 3403 hora
826 3330 1017 3402 vndecima
1033 3369 1041 3385 ·

490 3442 548 3515 De
576 3444 838 3516 communitate
861 3442 967 3536 buxgi
983 3439 1031 3511 de
1045 3440 1243 3514 Aberdene
1268 3465 1333 3537 per
1357 3442 1511 3516 bailiuos
1536 3444 1696 3521 eiusdem
1717 3445 1784 3518 sol-

441 3555 569 3628 uendis
585 3556 624 3625 in
641 3556 798 3626 termino
811 3547 1065 3649 penthecostes
1078 3575 1101 3624 v
1114 3552 1177 3625 lib.
1213 3552 1263 3625 Et
1272 3578 1338 3649 per
1349 3566 1619 3649 procuratorem
1633 3555 1784 3632 oceiefie

439 3664 652 3761 paroehialis
680 3666 755 3737 diui
781 3662 963 3760 Nieholaij
994 3662 1264 3739 Aberdonenfis
1289 3690 1355 3761 pro
1372 3676 1538 3763 tempore
1563 3667 1783 3743 existentem

439 3776 501 3873 xiij
521 3781 550 3851 ἔ.
569 3776 618 3873 iiij
638 3776 675 3850 d.
728 3777 778 3850 Ei
795 3778 841 3849 de
866 3777 990 3849 crofiis
1017 3800 1114 3850 nunc
1138 3776 1294 3851 Dauidis
1317 3777 1404 3851 Mar
1419 3802 1472 3852 xx
1498 3782 1527 3853 i.
1554 3781 1600 3874 de
1626 3785 1783 3855 termino

439 3890 551 3963 saniei
571 3890 725 3962 Martini
741 3892 779 3962 in
797 3889 926 3982 hyeme
943 3926 952 3943 ·

713 4000 865 4075 Summa
938 4053 948 4070 .
1052 4054 1061 4071 .
1138 3999 1255 4096 vjliii
1272 4002 1335 4099 xiij
1354 4006 1385 4077 ἔ.
1403 4004 1453 4100 iiij
1472 4003 1509 4078 i

541 4222 651 4301 Missa
673 4224 883 4321 quotidiana
899 4248 964 4319 pro
982 4227 1103 4300 anima
1127 4227 1264 4301 domini
1282 4227 1464 4302 Willelmi
1483 4229 1587 4326 Lyell
1605 4232 1782 4327 capellani

540 4338 639 4411 chori
657 4347 695 4411 et
712 4335 832 4433 vicarij
853 4337 898 4409 de
916 4337 1209 4433 Logydurnoch·

492 4452 549 4525 De
579 4450 703 4523 croftis
728 4450 815 4522 olim
840 4448 1018 4523 Johannis
1049 4450 1156 4524 Weir
1185 4454 1349 4525 nuncin
1375 4456 1543 4529 manibus
1573 4455 1783 4553 Margarete

443 4564 589 4661 Kyntor
597 4562 657 4635 sue
667 4562 790 4635 reliae
799 4560 885 4655 xxvj
905 4564 934 4633 ἔ.
954 4560 1013 4658 viij
1026 4560 1063 4636 d.
1091 4564 1141 4639 Et
1154 4565 1310 4637 dotem
1323 4562 1473 4641 Andreo
1485 4567 1784 4668 Tailgeournunc
