4050 5534
260 657 358 752 rua]
730 654 1137 729 ananDONnNsn.
1558 659 1601 728 61

258 860 404 929 tationis
420 857 625 929 habeantur
650 866 689 927 et
706 879 771 950 pro
788 865 962 948 tanquam
988 854 1124 924 nullius
1151 856 1324 947 temporis
1351 857 1527 926 momenti
1546 854 1603 926 vel

257 969 402 1040 effettus
419 967 474 1040 set
491 992 557 1063 pro
575 969 723 1039 omnino
740 969 964 1040 renunciatis
980 968 1127 1060 penitus
1145 963 1353 1036 indicentur
1371 1005 1378 1024 ·

255 1080 426 1152 Preterea
449 1082 656 1152 ordinatum
674 1076 727 1150 est
745 1080 790 1150 de
808 1076 978 1150 consensu
997 1078 1083 1148 ditti
1102 1078 1239 1148 domini
1266 1077 1421 1171 episcopi
1440 1079 1535 1170 quod
1559 1080 1604 1150 de

253 1192 417 1284 qnalibet
429 1187 660 1264 ecclesiarum
676 1193 918 1284 predidarum
932 1191 977 1260 de
991 1212 1186 1260 commune
1202 1191 1398 1282 recipiatur
1415 1191 1603 1261 annuatim

253 1316 353 1376 certa
365 1316 405 1376 et
415 1329 574 1399 congrua
590 1305 709 1396 portio
723 1326 787 1396 pro
801 1302 936 1374 fabrica
950 1302 1145 1372 earundem
1165 1297 1398 1372 restauranda
1410 1303 1535 1373 habito
1548 1326 1604 1373 re-

254 1414 375 1508 spettu
396 1417 443 1487 ad
460 1417 657 1487 earundem
671 1415 860 1499 ‘fructuum
878 1415 1122 1505 quantitatem
1141 1422 1179 1484 et
1197 1408 1352 1506 ipsarum
1367 1417 1603 1507 reparationis

254 1523 499 1599 ueceffitatem
514 1530 566 1598 ita
579 1527 675 1619 quod
694 1526 789 1596 infra
801 1526 1019 1596 decennium
1034 1525 1234 1617 predittum
1250 1547 1408 1618 congrue
1424 1537 1460 1596 et
1475 1522 1603 1596 suffici-

254 1649 358 1710 enter
369 1649 584 1731 reparentur
596 1674 605 1696 ο
618 1641 672 1709 ita
685 1637 781 1729 quod
799 1659 926 1706 omnes
939 1644 978 1706 et
995 1631 1136 1730 singule
1149 1637 1333 1729 prebende
1348 1639 1601 1708 canonicorum

255 1746 402 1821 ecclesie
419 1750 636 1822 cathedralis
654 1756 853 1819 memorate
872 1748 968 1817 ditto
986 1748 1163 1818 decennio
1188 1749 1407 1840 perdurante
1434 1750 1545 1820 libere
1564 1759 1601 1820 et

255 1865 433 1933 immunes
450 1863 496 1934 ab
513 1863 612 1933 omni
639 1860 909 1933 contributione
934 1860 1123 1930 eradione
1146 1857 1209 1930 seu
1227 1861 1510 1932 extraordinaria
1535 1862 1601 1930 im-

254 1970 428 2066 positione
445 1997 510 2066 per
527 1974 663 2043 diaum
682 1972 870 2042 dominum
888 1966 1094 2063 episcopum
1120 1971 1339 2063 imponenda
1364 1983 1600 2063 permaneant

255 2088 392 2156 ratione
415 2084 550 2156 sabrice
575 2085 735 2177 preditte
761 2077 910 2154 ecclesre
936 2082 1153 2152 cathedralis
1171 2119 1179 2137 ·
1198 2082 1248 2152 Et
1266 2091 1305 2152 vt
1331 2085 1398 2154 bec
1424 2086 1545 2154 omnia
1562 2095 1601 2154 et

255 2192 391 2290 smgula
415 2195 617 2289 supraditta
641 2197 680 2265 iu
705 2195 872 2264 omnibns
890 2202 929 2264 et
954 2190 1101 2288 smgulis
1127 2191 1198 2264 suis
1224 2197 1365 2287 pandis
1383 2205 1421 2266 et
1439 2197 1600 2267 articulis

254 2309 360 2379 robur
382 2310 573 2401 optineant
599 2307 783 2378 firmitatis
801 2316 877 2376 tam
894 2305 1076 2398 predidcus
1094 2306 1262 2376 dominus
1288 2305 1473 2401 episcopus
1492 2331 1599 2400 quarn

255 2422 363 2490 etiam
376 2420 534 2490 decanus
547 2417 749 2512 capitulum
767 2428 806 2488 et
823 2412 962 2511 smgule
974 2413 1125 2508 persone
1138 2427 1227 2488 tune
1240 2417 1424 2510 presentes
1443 2420 1488 2491 de
1506 2423 1600 2513 capi-

255 2530 331 2601 tulo
356 2531 514 2602 fideliter
538 2531 690 2600 firmiter
715 2537 754 2599 et
779 2538 908 2598 mutuo
942 2525 1012 2598 sese
1038 2527 1246 2622 obligarunt
1279 2552 1347 2601 nec
1372 2555 1446 2602 non
1472 2542 1510 2602 et
1535 2554 1599 2626 pro

254 2644 376 2713 ruaiori
395 2643 586 2712 euidencia
602 2650 641 2711 et
657 2638 852 2711 securitate
868 2639 1044 2733 presentis
1061 2639 1197 2732 publici
1215 2637 1445 2713 inst-rumenti
1463 2644 1599 2713 domini

253 2751 407 2847 episcopi
432 2751 624 2845 supraditti
651 2753 712 2821 vni
738 2753 833 2844 parti
869 2775 934 2844 per
971 2752 1119 2822 modum
1147 2754 1340 2825 indenture
1366 2756 1459 2826 fatte
1493 2755 1598 2826 alteri

253 2887 336 2935 vero
362 2866 455 2957 parti
473 2863 623 2956 capituli
649 2859 765 2956 tigilla
790 2862 999 2934 alternatim
1025 2863 1109 2935 sunt
1135 2864 1315 2958 appensa·
1335 2865 1431 2937 Atta
1449 2867 1598 2938 suerunt

252 2977 317 3047 hec
341 2979 380 3046 iu
406 2975 565 3068 capitulo
592 2971 741 3046 ecclesie
766 2975 983 3046 cathedralis
1000 2972 1271 3048 Abcrdonensrs
1296 2974 1476 3069 sepeditte
1501 3001 1596 3048 anno

251 3089 446 3160 indistione
471 3087 686 3179 pontificatu
704 3098 742 3156 et
760 3087 819 3157 die
836 3089 1038 3180 prenotatis
1055 3126 1063 3143 ·
1081 3086 1308 3181 presentibus
1334 3086 1496 3160 discretis
1514 3091 1598 3160 viris

252 3201 406 3271 dominis
424 3199 574 3270 Oliuero
592 3199 638 3269 de
656 3197 767 3269 Fores
792 3200 929 3270 restore
955 3194 1105 3271 ecclesie
1123 3201 1167 3270 de
1186 3199 1288 3294 Logy
1304 3201 1342 3270 iu
1360 3199 1571 3271 Bouchania
1589 3241 1596 3258 ·

251 3313 419 3384 Johanne
430 3311 476 3381 de
487 3309 664 3382 Meldoua
679 3319 855 3403 perpetuo
869 3313 1000 3382 vicario
1014 3311 1060 3381 de
1075 3309 1250 3382 Lothresk
1265 3351 1273 3370 ·
1289 3310 1467 3413 Duneano
1481 3310 1596 3382 Blak·

252 3425 419 3496 Johanne
438 3424 483 3493 de
501 3423 625 3514 Furny
642 3421 838 3514 capellanis
864 3419 1014 3494 ecclesre
1039 3423 1200 3515 preditte
1219 3461 1227 3480 ·
1245 3422 1413 3494 Johanne
1439 3424 1484 3494 de
1503 3423 1598 3516 Fyn·

252 3531 359 3632 gassse
375 3543 552 3628 perpetuo
570 3535 703 3605 vicario
721 3534 767 3604 de
785 3531 962 3628 Obeyne·
981 3542 1020 3604 et
1036 3533 1061 3604 J
1064 3535 1205 3605 ohanne
1224 3536 1268 3606 de
1288 3533 1497 3630 Dalgaruok
1515 3537 1598 3606 bur·

252 3648 358 3742 gense
389 3648 435 3717 de
462 3645 639 3718 Aberdon
668 3643 791 3716 sanai
819 3645 968 3716 Andree
996 3641 1155 3738 dyocesrs
1182 3642 1333 3718 testibus
1361 3649 1405 3718 ad
1433 3645 1597 3741 premissa

252 3763 388 3832 vocatis
415 3756 618 3851 specialiter
635 3767 674 3828 et
691 3757 826 3850 rogatis
842 3792 851 3814 ·
870 3754 1123 3828 Protestautur
1148 3767 1272 3829 tamen
1293 3760 1441 3852 premar
1460 3759 1597 3830 domini

253 3871 438 3965 episeopus
463 3871 622 3941 decanus
639 3878 678 3940 et
699 3869 900 3961 capitulum
917 3870 1013 3960 qnod
1031 3893 1096 3962 per
1111 3867 1314 3963 presentem
1333 3871 1596 3942 ordinationem

253 4008 323 4056 nou
341 3983 540 4056 intendunt
558 3982 716 4072 antiquis
733 3977 880 4052 statutis
897 3983 933 4052 in
952 3982 1073 4074 aliquo
1091 3982 1262 4075 derogare
1280 4020 1287 4038 ·
