4050 5534
30 654 32 681 l

30 718 31 751 l

30 798 31 817 l

241 670 339 767 rvr]
694 665 1099 743 Auusoouuuss.
1506 683 1578 753 ooo

238 872 386 969 desuper
409 873 504 944 fode
528 870 722 943 nominetis
748 878 787 941 et
810 870 856 942 ed
873 870 1115 942 intentionem
1140 870 1341 945 fundatoris
1366 882 1474 967 prout
1492 874 1572 947 Deo

235 984 448 1081 respondere
465 982 645 1055 volueriut
671 982 814 1075 quaudo
832 981 876 1052 de
894 976 995 1053 settis
1021 980 1092 1054 suis
1118 980 1270 1080 proprijs
1294 986 1470 1059 reddituri
1488 986 1570 1061 suut

236 1101 410 1171 rationem
428 1106 466 1169 et
483 1118 556 1167 uon
573 1094 705 1168 uliter·

284 1208 380 1282 Item
408 1232 474 1303 pro
502 1204 565 1279 sex
590 1208 695 1281 ceriis
726 1206 831 1302 super
854 1228 1027 1301 magnum
1056 1206 1171 1281 ulture
1195 1220 1235 1282 et
1257 1214 1352 1300 circe
1378 1210 1573 1285 scabellum

235 1332 457 1395 mortuorum
473 1318 497 1416 ij
517 1322 546 1394 ἔ.

283 1434 378 1507 Item
394 1430 537 1505 saedste
561 1455 626 1527 pro
644 1454 899 1526 campunarum
915 1430 1118 1525 pulsatione
1135 1429 1196 1528 xvj
1216 1430 1251 1507 d.

283 1546 378 1619 Item
395 1544 457 1617 sex
483 1545 685 1617 choralibus
702 1542 895 1617 tonsoratis
922 1539 1071 1617 ecclesie
1096 1545 1311 1618 cnthedrnlis
1336 1554 1376 1617 et
1399 1543 1463 1619 sex
1488 1548 1573 1620 cho-

235 1660 366 1731 rulibus
391 1655 591 1752 supraditte
621 1653 769 1730 ecclesie
795 1655 986 1752 eollegiute
1012 1653 1239 1750 presentibus
1263 1658 1301 1728 in
1328 1657 1570 1731 anniuersario

283 1884 377 1957 Item
403 1882 625 1978 procuratori
643 1883 825 1954 communi
852 1880 1029 1951 diuorum
1047 1882 1260 1953 vicariorum
1285 1905 1351 1976 pro
1377 1880 1448 1955 suis
1473 1884 1572 1956 labo-

235 1998 330 2069 ribus
339 1996 496 2067 fideliter
507 1989 750 2067 ministrandis
763 2002 870 2088 prout
882 1992 962 2065 Deo
975 1991 1191 2087 respondere
1202 1993 1385 2067 voluerint
1397 1997 1421 2090 ij
1435 1998 1465 2069 ἔ.
1483 1994 1517 2093 vj
1533 1993 1568 2069 d.

283 2109 378 2181 Item
396 2106 613 2203 pauperibus
638 2104 807 2178 videlicet
824 2127 902 2175 xxx
919 2102 1063 2177 senibus
1080 2114 1119 2177 et
1134 2104 1397 2179 miserabilibus
1412 2108 1571 2203 personis

235 2235 272 2295 ct
289 2245 336 2294 xv
346 2219 562 2317 pauperibus
579 2214 772 2289 scolaribus
790 2216 942 2290 cuilibet
958 2218 1156 2290 eorundem
1175 2242 1285 2292 vnum
1306 2219 1475 2316 [penem]
1499 2222 1571 2293 fru-

234 2336 347 2407 menti
372 2334 526 2405 duo'rum
543 2331 769 2403 denariorum
796 2340 834 2401 et
860 2330 950 2401 duos
967 2353 1136 2405 nummos
1161 2334 1302 2427 argenti
1326 2341 1475 2405 monete
1492 2358 1571 2407 cur-

234 2449 345 2519 rentis
361 2486 369 2503 ·
388 2443 540 2517 Summe
556 2465 604 2513 xv
621 2444 651 2514 ἔ.

282 2558 379 2630 Item
404 2551 549 2651 leprosis
574 2554 696 2649 oppidi
720 2554 765 2625 de
791 2551 964 2625 Aberdeu
992 2550 1055 2623 sex
1079 2576 1191 2647 penes
1214 2556 1388 2628 frumenti
1418 2558 1571 2630 duorum

235 2672 459 2743 denariorum
477 2675 515 2739 et
532 2662 581 2761 xij
601 2687 767 2737 nummos
789 2666 930 2761 argenti
948 2676 989 2738 vt
1006 2663 1136 2760 supre-
1164 2666 1314 2742 Summa
1330 2666 1354 2766 ij
1374 2673 1403 2743 s.

283 2781 379 2854 Item
396 2778 446 2876 xij
465 2778 681 2873 pauperibus
693 2773 878 2870 hospitalis
891 2779 999 2851 beate
1013 2775 1133 2849 Murie
1144 2779 1238 2853 infru
1250 2785 1439 2855 eunonium
1453 2781 1570 2855 Aber-

235 2892 425 2967 dunensem
437 2891 486 2984 xij
497 2912 610 2985 panes
618 2890 792 2961 frumenti
803 2890 956 2963 duorum
968 2891 1268 2963 denariorum-et
1281 2894 1432 2966 cuilibet
1443 2918 1571 2967 coruu-

235 3008 315 3081 dem
332 3004 383 3103 iiij
403 3025 570 3077 nummos
596 3009 744 3073 monete
761 3004 942 3075 unteditte
968 3043 976 3060 ·
1004 3002 1206 3100 Summuvj
1226 3006 1256 3080 ἔ.

282 3118 376 3191 Item
403 3115 549 3211 preconi
565 3136 630 3208 per
646 3112 835 3186 ciuitatem
852 3138 916 3209 pro
934 3113 1162 3189 euuuersurio
1179 3116 1395 3190 celebrando
1412 3117 1437 3214 ij
1456 3116 1493 3191 d,

430 3226 581 3299 Summe
597 3235 637 3295 vt
661 3222 767 3318 supra
804 3279 812 3296 .
912 3281 922 3298 .
1023 3225 1060 3322 iij
1080 3226 1143 3299 lib.
1162 3225 1199 3325 iij
1219 3230 1249 3301 ἔ.
1263 3226 1314 3324 iiij
1334 3225 1369 3300 d.

548 3562 849 3635 Armumsmm
867 3578 1003 3631 usuum
1020 3559 1210 3632 Juuuunu
1229 3602 1236 3616 ·

282 3792 507 3865 Duodecimo
525 3783 686 3882 Junuerij
707 3779 990 3860 anniuersarium
1007 3806 1073 3881 pro
1089 3784 1211 3856 enims
1227 3784 1363 3858 domiui
1389 3784 1569 3860 Willelmi

236 3904 338 4001 Lyell
368 3901 545 3998 capellani
579 3897 665 3971 disti
684 3898 783 3970 chori
810 3903 848 3968 et
874 3892 996 3990 vicarij
1025 3895 1071 3967 de
1097 3894 1315 3990 Logyduruo
1333 3895 1395 3992 xiij
1415 3900 1445 3970 ἔ.
1463 3900 1513 3994 iiij
1531 3898 1567 3972 d.

235 4018 279 4091 de
305 4016 420 4089 cresto
440 4010 599 4109 mugIstri
615 4010 754 4083 Thome
776 4006 948 4100 Chelmyr
964 4006 1053 4078 olim
1071 4008 1186 4080 curati
1210 4008 1256 4079 de
1279 4006 1444 4080 Abirdeu
1472 4011 1569 4084 nuuc

235 4128 258 4199 J
260 4130 408 4203 ohannis
426 4126 513 4220 Huy
526 4122 743 4215 suorumque
759 4119 934 4192 heredum
951 4118 1199 4214 upudportum
1210 4118 1392 4191 furcarum
1409 4144 1456 4193 ex
1468 4133 1571 4216 purte

235 4240 398 4314 orientali
411 4242 553 4311 lucente
567 4278 575 4295 ·

283 4352 422 4425 Eodem
439 4350 498 4422 die
523 4344 804 4421 anniuersarium
830 4342 983 4416 Heurici
1008 4341 1201 4437 Lychtoun
1217 4339 1353 4436 sueque
1371 4345 1490 4416 vxoris
1506 4344 1569 4442 xiij

235 4468 262 4539 ἓ.
282 4463 331 4563 iiij
346 4463 383 4537 d.
401 4458 645 4565 demensione
663 4459 709 4531 dc
726 4456 892 4553 Kynkell
908 4456 1002 4527 iufra
1015 4454 1203 4528 eunonium
1221 4452 1512 4528 Abirdoneusem
1530 4497 1538 4513 ·

282 4598 367 4652 νοτ..
383 4598 426 4649 11.
877 4574 898 4640 2
918 4588 944 4639 Ι)
