4050 5534
232 655 335 753 nn]
699 657 1101 736 suessonense.
1548 669 1571 742 r

231 855 457 930 obsemutum
474 855 664 930 statuimus
681 866 721 931 vt
739 858 891 952 quilibet
908 855 1068 931 nostrum
1084 861 1121 931 in
1139 856 1200 933 sua
1217 859 1357 956 dyocesr
1374 847 1568 958 diligenter

231 968 425 1065 [inquirat]
446 993 517 1063 quo
542 972 621 1044 iure
638 981 677 1044 et
693 994 765 1065 qus
780 972 994 1044 autoritate
1019 973 1155 1044 suerint
1180 970 1380 1046 construdce
1398 1014 1406 1031 ·
1424 975 1519 1068 quod
1539 969 1567 1044 si

229 1084 347 1154 minus
371 1083 635 1156 rationabiliter
657 1079 858 1156 construdte
875 1085 1009 1178 suerint
1026 1083 1084 1156 vel
1102 1087 1213 1158 etiem
1230 1088 1267 1156 in
1284 1085 1464 1179 posterum
1482 1110 1567 1160 con-

229 1193 410 1268 struantur
425 1194 621 1269 seeundum
643 1192 811 1268 instituta
830 1197 1001 1269 cononica
1017 1191 1089 1270 srnt
1105 1193 1269 1291 suspense
1286 1239 1296 1258 ·
1312 1196 1454 1292 prouiso
1470 1200 1565 1292 quod

229 1304 468 1401 cuiuscunque
491 1305 705 1380 suttoritete
728 1304 930 1382 constructe
953 1309 1089 1382 fuerint
1113 1308 1252 1402 capelle
1273 1333 1487 1404 quecunque
1511 1313 1565 1382 in-

228 1419 443 1514 dempniteti
460 1421 498 1492 in
516 1419 683 1492 omnibus
706 1420 865 1492 matricis
886 1415 1034 1491 eeclefie
1050 1415 1099 1492 sro
1115 1418 1349 1514 prospIciatur
1366 1434 1406 1495 vt
1421 1422 1563 1495 nullum

228 1532 261 1604 ei
275 1532 513 1627 preiudicium
526 1540 721 1626 generetur
734 1570 742 1587 ·
756 1554 823 1604 nec
836 1532 881 1603 de
894 1531 1136 1604 oblationibus
1149 1558 1172 1606 a
1183 1534 1418 1628 priuilegiatis
1431 1535 1564 1608 alicubi

229 1643 361 1738 aliquid
378 1645 573 1738 recipiatur
587 1639 653 1714 nisr
667 1639 772 1736 super
787 1644 857 1716 hoc
873 1643 1103 1739 priuilegium
1119 1646 1297 1718 ordinario
1310 1643 1486 1718 sufficiens
1502 1669 1565 1718 ex·

228 1756 415 1830 hibentur·
429 1751 565 1848 quodsi
579 1753 689 1848 aliqui
707 1757 926 1828 eontrarium
943 1757 1096 1829 fecerint
1113 1755 1187 1851 ipso
1203 1757 1281 1829 iure
1297 1754 1368 1830 sint
1385 1754 1538 1853 suspensi
1553 1799 1561 1818 ·

228 1979 339 2055 VIII.
363 1979 425 2052 Ne
440 1975 540 2052 misse
557 1979 785 2054 celebrentur
801 1980 839 2051 in
855 1981 1007 2073 priuatis
1023 1979 1112 2053 loeis
1128 1976 1203 2053 fine
1221 1979 1369 2055 licentia
1384 1980 1539 2078 episcopi
1554 2024 1561 2041 ·

223 2205 321 2278 Item
349 2227 422 2276 non
446 2203 538 2275 nulli
563 2199 717 2299 religiosr
734 2211 773 2276 et
790 2205 900 2276 etiam
917 2203 978 2299 olij
996 2213 1072 2276 tam
1097 2203 1273 2278 seculares
1289 2228 1397 2299 quam
1422 2205 1566 2279 eccless-

221 2315 326 2390 astici
352 2319 390 2388 in
416 2316 566 2410 priuatis
593 2323 632 2388 et
660 2312 857 2387 inhonestis
879 2315 966 2388 locis
990 2315 1055 2388 srbi
1082 2316 1221 2388 faciunt
1246 2319 1370 2390 diuina
1391 2317 1564 2391 celebrari

220 2433 337 2504 immo
355 2429 477 2524 potius
493 2429 531 2498 in
548 2425 754 2500 scandalum
779 2429 893 2499 totius
918 2423 1066 2501 ecclesie
1091 2430 1304 2523 prophanari
1321 2430 1382 2502 rbi
1398 2431 1565 2524 frequen-

219 2546 298 2619 tius
321 2539 492 2636 spurcitie
517 2547 745 2634 peecatorum
775 2540 1054 2612 committuntur
1076 2550 1116 2612 et
1142 2541 1310 2614 animalis
1336 2542 1444 2614 bruta
1468 2567 1565 2615 com·

219 2663 413 2727 morantur
429 2652 530 2724 nulla
546 2653 661 2747 petita
677 2651 825 2726 lieentia
841 2651 900 2724 vel
918 2659 1068 2744 optenta
1084 2675 1106 2726 a
1122 2652 1281 2726 loeomm
1299 2655 1485 2748 ordinarijs
1501 2667 1565 2728 aut

222 2767 348 2859 aliqua
371 2765 587 2852 auctoritate
615 2765 778 2836 exhibita
800 2805 809 2822 ·
831 2786 903 2856 qus
928 2773 1076 2859 propter
1099 2787 1146 2836 ne
1172 2765 1338 2838 decetero
1363 2763 1564 2838 huiusmodi

227 2879 316 2951 liant
332 2876 397 2950 sub
422 2899 516 2970 pena
540 2871 775 2971 suspensronis
791 2876 830 2948 in
846 2872 1068 2968 personaret
1087 2876 1268 2948 interdibti
1286 2879 1325 2948 in
1342 2878 1469 2950 eedem
1486 2878 1565 2951 loca
1674 2939 1681 2954 .

234 3001 270 3062 et
292 2992 401 3063 etism
431 2989 814 3061 excommunicationIs
838 2984 865 3058 sr
891 2987 1016 3060 taliter
1039 2987 1291 3081 delinquentes
1317 2999 1565 3083 competenter

234 3103 355 3174 moniti
373 3101 419 3174 ab
436 3098 637 3173 huiusmodi
654 3097 979 3195 presumptionibus
996 3122 1070 3172 non
1087 3096 1289 3173 destiterint
1305 3102 1458 3173 firmiter
1473 3103 1566 3173 inbi-

234 3215 354 3286 bemus
371 3253 380 3274 ·
399 3212 563 3286 volentes
580 3221 618 3286 et
634 3208 834 3286 statuentes
851 3211 947 3305 quod
963 3213 1117 3284 rectores
1133 3209 1362 3284 eeclesiarum
1382 3213 1565 3306 parochie·

236 3324 316 3398 bum
342 3337 381 3399 et
406 3327 527 3420 vicarij
554 3326 749 3398 earundem
778 3347 846 3397 nec
875 3347 948 3396 non
979 3325 1089 3396 etiam
1119 3323 1339 3417 parochiales
1367 3323 1564 3421 presbyteri
1614 3389 1618 3396 .

237 3436 427 3510 huiusmodi
453 3435 650 3511 sententias
675 3437 888 3510 auctoritate
914 3435 1057 3531 concilij
1076 3435 1221 3509 valeant
1238 3438 1276 3521 in
1294 3433 1365 3510 suis
1389 3441 1565 3533 parochijs

238 3547 449 3623 exsecutioni
467 3550 591 3624 debite
608 3549 850 3622 demandare·

584 3771 655 3844 IX.
681 3771 740 3846 De
755 3769 945 3846 honestate
961 3771 1183 3847 Clerioorum
1200 3815 1212 3832 ·

239 3997 432 4072 Statuimns
448 3999 560 4072 etism
577 3997 672 4091 quod
689 3996 851 4091 quelibet
868 3993 1018 4070 eeclesra
1034 3997 1245 4091 parochialis
1261 3995 1364 4069 suum
1380 3999 1561 4092 proprium

237 4109 358 4184 habeat
383 4111 558 4184 restorem
583 4119 648 4183 aut
664 4110 837 4182 ricarium
854 4110 916 4202 qui
941 4109 1100 4182 debitam
1127 4131 1248 4182 curam
1275 4111 1474 4182 animarum
1499 4133 1564 4203 per

238 4219 270 4296 se
285 4231 345 4296 aut
368 4223 479 4297 alium
504 4221 685 4317 ydoneum
709 4218 913 4293 ministrum
930 4221 975 4294 de
993 4221 1141 4294 lieentia
1163 4219 1216 4292 sui
1242 4219 1426 4315 dyocesani
1445 4221 1564 4295 valeat

240 4355 395 4407 exercere
412 4343 451 4407 et
468 4333 564 4427 quod
590 4333 699 4426 ijdem
723 4334 897 4405 mundam
914 4343 953 4407 et
976 4329 1163 4406 honestam
1189 4333 1324 4405 ducant
1341 4335 1452 4406 vitem
1477 4335 1564 4425 alio·

242 4447 317 4538 quio
333 4447 503 4520 canonice
519 4442 726 4518 subiaceant
743 4443 870 4552 vltioni
890 4485 899 4504 ·
