4050 5534
430 627 499 698 116
946 617 1253 695 REGISTRUM
1613 621 1761 718 [uncum

323 813 328 822 ’
426 820 560 896 recessu
574 832 612 894 et
625 824 757 894 deuon
770 821 1008 894 recedendou
1025 815 1170 891 servitio
1187 815 1336 892 eoolefie
1349 817 1480 914 absque
1493 821 1643 893 lieentia
1658 818 1763 916 prefi-

429 939 549 1009 dentis
567 947 605 1007 et
622 934 771 1029 capituli
788 935 905 1028 petitu
922 940 961 1004 et
979 933 1131 1005 obtentu
1149 973 1157 990 ·

479 1161 577 1232 Item
593 1161 688 1253 quod
707 1157 861 1251 quilibet
883 1156 1091 1252 capellanus
1116 1155 1214 1227 chori
1241 1157 1454 1252 delinquens
1479 1159 1516 1228 iu
1543 1169 1631 1228 tono
1656 1169 1763 1230 cantu

430 1277 537 1346 litere
552 1283 617 1346 aut
633 1272 770 1343 letum
785 1281 851 1343 out
867 1292 951 1342 cum
976 1266 1039 1340 suo
1056 1264 1149 1340 socio
1170 1269 1404 1344 oonfnbulune
1421 1271 1459 1342 in
1477 1271 1585 1342 ohoro
1611 1278 1675 1342 uut
1697 1273 1765 1364 pri-

430 1390 545 1460 uatim
571 1384 757 1458 belebrone
780 1392 945 1478 tempore
969 1382 1137 1452 horarum
1167 1380 1365 1454 muletetur
1388 1393 1427 1454 et
1451 1384 1622 1476 puniatur
1638 1407 1680 1456 ao
1705 1405 1767 1477 per

431 1508 616 1572 notatores
633 1497 837 1570 defeduum
854 1492 1030 1567 scribatur
1046 1495 1084 1564 in
1102 1493 1263 1586 quolibet
1280 1495 1338 1566 die
1354 1492 1513 1567 sabutina
1532 1493 1674 1589 legatur
1689 1505 1768 1566 tnn-

432 1636 539 1706 quam
557 1609 684 1683 absens
700 1609 746 1682 ab
763 1607 828 1680 illu
842 1607 931 1679 bora
947 1643 956 1661 ·

483 1835 580 1908 Item
605 1835 701 1928 quod
724 1827 874 1905 eoolefia
898 1830 1097 1902 mundetur
1126 1829 1211 1902 bine
1235 1825 1364 1902 saltem
1383 1831 1461 1902 vice
1477 1833 1576 1902 omni
1593 1829 1713 1904 mense
1730 1843 1767 1904 et

431 1946 617 2045 presertim
635 1949 672 2018 in
689 1940 853 2040 profestis
869 1945 1045 2015 maiorum
1056 1938 1323 2013 solemnitatum
1338 1943 1560 2014 ·cimiterum
1579 1945 1625 2016 ab
1637 1947 1772 2016 unimu-

433 2065 528 2135 libus
539 2073 577 2132 et
590 2061 636 2134 ab
647 2061 745 2130 omni
759 2057 957 2128 mercantia
969 2050 1190 2126 custodiatur
1202 2091 1211 2110 ·
1224 2077 1397 2149 campane
1414 2056 1511 2127 horis
1528 2057 1660 2128 debitio
1677 2067 1717 2129 vt
1734 2059 1770 2128 in

433 2177 591 2268 antiquie
607 2169 752 2245 statutio
769 2178 920 2242 cauetur
935 2166 1125 2261 pulsentur
1143 2174 1181 2236 et
1198 2167 1425 2262 horologium
1454 2164 1649 2241 seeundum
1672 2169 1772 2240 debi-

434 2301 511 2362 tum
528 2297 735 2379 temporum
761 2278 1067 2354 mensurationem
1093 2273 1315 2350 custodietur
1343 2288 1382 2351 et
1411 2280 1480 2351 hoo
1505 2303 1569 2374 per
1592 2277 1772 2354 snoristum

435 2411 500 2473 out
516 2399 635 2489 ulium!
646 2399 724 2468 eius
740 2396 888 2465 nomine
905 2393 967 2485 qui
985 2391 1097 2463 etium
1115 2385 1257 2462 soorista
1274 2388 1377 2462 suum
1395 2392 1552 2463 officium
1570 2395 1607 2464 in
1626 2387 1774 2488 singulis

435 2515 482 2586 od
511 2533 667 2605 unguem
698 2505 866 2579 obseruet
896 2506 1008 2578 etad
1039 2503 1107 2574 hoo
1134 2525 1199 2596 per
1228 2500 1410 2574 censuram
1442 2501 1716 2578 eeclesiasticam
1748 2505 1774 2578 fi

437 2618 575 2696 necesse
592 2622 701 2693 fuerit
719 2626 894 2713 cogetur·

438 2850 536 2922 Item
553 2846 649 2942 quod
667 2846 819 2918 canonio
836 2845 874 2914 in
886 2841 1009 2913 debito
1025 2837 1213 2912 honestate
1231 2838 1393 2912 seruetur
1410 2849 1449 2912 et
1466 2843 1561 2933 quod
1585 2865 1777 2918 amoueun-

438 2974 499 3035 tur
517 2962 637 3033 omnia
656 2955 865 3030 sterculinia
881 2964 920 3026 et
936 2953 1008 3024 alie
1025 2951 1185 3024 vilitates
1211 2953 1256 3024 de
1281 2955 1463 3024 communi
1482 2953 1604 3047 pluteo
1627 2961 1776 3030 eunonie

440 3086 478 3146 et
496 3076 666 3165 deinceps
679 3070 814 3141 ibidem
831 3090 905 3138 non
923 3074 1129 3160 ponuntur·

441 3299 538 3370 Item
568 3296 665 3390 quod
693 3294 759 3366 fiet
787 3291 1034 3364 inuentarium
1064 3291 1227 3361 omnium
1251 3290 1423 3362 librorum
1439 3294 1478 3362 in
1496 3294 1605 3366 ohoro
1622 3294 1775 3368 neeesse

441 3413 576 3482 riorum
593 3417 632 3481 et
648 3405 882 3500 inspiciuntur
907 3427 971 3498 per
996 3401 1190 3473 nonnullos
1211 3404 1347 3497 peritos
1364 3401 1534 3478 choristae
1551 3417 1590 3478 et
1606 3408 1778 3480 reducun-

442 3536 504 3597 tur
519 3523 564 3593 ad
581 3519 810 3592 concordium
827 3512 854 3588 fi
871 3518 909 3588 iu
927 3516 1048 3608 aliquo
1065 3513 1267 3587 discordent
1285 3524 1323 3586 et
1340 3527 1482 3588 ematur
1499 3541 1669 3612 magnum
1687 3523 1779 3592 unti-

442 3634 597 3730 phonale
624 3654 778 3703 vnocum
808 3629 899 3701 libro
929 3628 1160 3700 oollettarum
1188 3637 1226 3698 et
1253 3629 1469 3700 reformetur
1494 3631 1655 3704 ordinale
1673 3644 1711 3706 et
1735 3635 1779 3704 de

444 3771 540 3820 nouo
556 3743 731 3817 scribatur
748 3744 785 3813 in
803 3763 1047 3836 pergameno·
1572 3733 1577 3744 '

444 3973 541 4045 Item
559 3971 654 4065 quod
671 3965 820 4041 ecclesie
843 3987 1053 4038 communes
1069 3967 1114 4037 ud
1141 3967 1382 4038 communiam
1408 3971 1661 4041 canonicorum
1687 3969 1785 4066 speo.

444 4095 566 4156 tentes
581 4079 772 4154 visitentur
796 4079 865 4152 hoo
881 4101 976 4150 enno
992 4101 1057 4172 per
1081 4087 1347 4172 procuratorem
1367 4102 1597 4152 communem
1616 4093 1654 4155 et
1673 4105 1785 4157 vnum

445 4200 490 4268 de
508 4195 689 4269 onnoniois
705 4205 744 4265 et
760 4200 973 4285 reparentur
988 4185 1118 4286 finguli
1142 4191 1303 4263 defettus
1328 4186 1509 4286 necessarij
1535 4189 1656 4266 statim
1674 4219 1784 4290 quam

445 4312 601 4402 primum
617 4308 695 4379 fieri
711 4307 846 4400 poterit
862 4314 902 4376 et
919 4303 1081 4395 quolibet
1103 4327 1198 4375 anno
1219 4305 1264 4376 de
1282 4305 1365 4376 hino
1383 4315 1532 4376 ornetur
1548 4329 1619 4380 rna
1635 4307 1787 4384 ecclelia

446 4425 483 4492 in
501 4421 721 4492 omumentie
746 4414 903 4489 honestis
929 4426 968 4486 et
993 4416 1130 4487 deooris
1153 4415 1197 4488 ad
1215 4416 1389 4488 honorem
1407 4428 1446 4488 et
1467 4419 1633 4490 decorem
1657 4422 1786 4495 domus
1825 4477 1837 4490 ,

445 4531 506 4604 dei
523 4532 618 4604 vltra
632 4538 846 4602 ornamento
862 4528 907 4599 de
924 4523 1133 4600 neeeffitate
1151 4525 1321 4620 requisita
1339 4571 1347 4584 ·
1520 4521 1525 4532 ’
