4050 5534
422 522 490 595 170
935 514 1240 595 REGISTRUM
1604 522 1756 616 [secum

422 724 499 787 tate
524 716 691 809 ponderis
716 727 863 789 eentum
890 718 1020 813 viginti
1037 737 1231 789 vncearum
1255 722 1396 815 argenti
1426 744 1510 794 eum
1533 722 1670 793 maiore
1697 722 1759 793 do-

421 838 507 902 nata
530 851 595 922 per
622 828 863 901 venerabilem
894 838 932 903 et
962 832 1148 927 egregium
1181 832 1299 903 virum
1330 830 1541 929 magistrum
1572 834 1758 907 Andreom

423 936 527 1034 Lyell
561 939 820 1014 thesaurarium
853 940 1144 1017 Abirdonensem
1176 966 1241 1039 per
1275 946 1431 1017 eundem
1466 946 1590 1021 oblata
1628 968 1758 1041 magno

422 1051 527 1124 altari
564 1055 602 1125 in
636 1054 695 1125 die
736 1049 950 1127 visitationis
992 1055 1100 1128 beate
1129 1053 1250 1129 Mario
1292 1058 1440 1154 virginis
1475 1081 1571 1131 anno
1609 1057 1757 1129 Domini

422 1184 665 1255 mccccxmx
683 1207 691 1224 ·
712 1164 762 1237 Et
777 1166 912 1239 ibidem
936 1169 1157 1241 reuerendus
1180 1170 1220 1241 in
1236 1167 1378 1243 Christo
1394 1180 1499 1267 puter
1527 1180 1567 1244 et
1591 1170 1758 1243 dominus

295 1309 297 1311 ·
422 1276 587 1349 dominus
605 1277 810 1351 Guilelmus
827 1276 1012 1373 episeopus
1029 1278 1289 1355 Abirdonenfis
1306 1282 1488 1355 ordinauit
1513 1283 1646 1355 diuam
1662 1304 1760 1375 ymo·

421 1390 543 1483 ginem
577 1390 772 1463 honorifice
807 1389 937 1463 deserti
971 1394 1067 1466 eirca
1099 1390 1287 1465 eeclesiam
1316 1393 1562 1467 cathedralem
1588 1390 1759 1466 Aberdo-

422 1499 569 1573 nensem
601 1498 747 1599 singulis
779 1500 999 1575 solemnibus
1026 1501 1125 1578 sestis
1160 1502 1310 1602 gloriose
1335 1508 1508 1601 virginis·
1527 1515 1566 1579 et
1590 1507 1759 1578 omnibus

421 1614 698 1707 procedentibus
723 1617 761 1687 in
778 1611 998 1709 proeeffione
1025 1616 1129 1689 dietis
1146 1616 1273 1690 diebus
1289 1614 1351 1689 sen
1368 1617 1522 1691 eundem
1547 1618 1682 1690 deuote
1708 1617 1761 1689 se-

422 1727 616 1818 quentibus
641 1722 788 1824 singulis
817 1728 945 1802 diebus
978 1726 1182 1823 prescriptis
1207 1730 1443 1826 quadraginta
1466 1731 1544 1803 dies
1568 1729 1761 1826 indulgen-

422 1840 556 1911 eiurum
573 1842 758 1947 perpetpis
774 1841 997 1935 temporibus
1010 1842 1169 1914 duratur’
1187 1883 1194 1899 ·

422 2177 519 2250 Item
537 2177 693 2248 decanus
718 2174 900 2247 fatebatur
915 2172 961 2277 se
976 2169 1135 2247 habuisse
1152 2174 1327 2247 annulum
1352 2196 1502 2249 aureum
1520 2176 1566 2246 de
1576 2174 1759 2269 jocalibus

422 2286 571 2383 capituli
596 2309 679 2360 oum
698 2285 815 2380 lapide
833 2297 871 2359 et
896 2309 961 2380 per
984 2287 1140 2360 eundem
1165 2287 1349 2382 perditum
1374 2310 1483 2381 quem
1508 2286 1696 2383 obligabat
1721 2283 1759 2359 se

422 2397 610 2499 restituere
623 2394 685 2470 seu
698 2398 777 2469 eius
787 2419 912 2469 verum
924 2398 1082 2470 valorem
1095 2422 1159 2493 per
1170 2396 1438 2472 estimacionem
1451 2399 1588 2471 domini
1601 2396 1758 2493 episcopi

422 2522 460 2586 et
473 2510 621 2605 capituli
639 2506 834 2581 secundum
852 2510 929 2581 eius
948 2510 1174 2605 exigeneiam
1191 2522 1230 2583 et
1247 2512 1405 2585 valorem
1423 2552 1431 2567 ·

422 2845 592 2923 Visltatio
611 2841 786 2937 jocalium
811 2839 960 2915 ecclesie
987 2842 1202 2917 cathedralis
1219 2835 1489 2912 Absrdonensrs
1507 2840 1602 2911 sada
1617 2838 1678 2932 xvj
1696 2838 1759 2909 die

422 2955 551 3034 mensis
570 2954 700 3047 Mareij
729 2976 823 3025 auno
854 2953 1002 3027 Domini
1033 2972 1289 3027 mccccxcsx.
1312 2954 1351 3023 in
1381 2976 1453 3045 qua
1480 2960 1624 3046 reperta
1650 2960 1757 3022 erant

421 3073 541 3147 omnia
565 3072 670 3141 iuxta
687 3061 907 3139 visitationes
937 3068 1073 3138 domini
1096 3062 1206 3138 nostri
1223 3064 1378 3161 episcopi
1392 3064 1582 3138 Guillelmi
1599 3074 1756 3157 excepto

420 3184 553 3261 annulo
567 3202 674 3254 aureo
688 3170 1140 3274 immediutesupraseripto
1158 3220 1166 3235 ·
1193 3177 1417 3273 presentibus
1435 3176 1583 3251 Decano
1596 3176 1758 3249 Cantore

420 3294 650 3371 Theseumrio
667 3287 798 3385 Ovoyn
811 3291 895 3364 Clat
908 3290 1094 3363 Abirdour
1109 3286 1304 3385 Tulyneslil
1322 3303 1360 3362 et
1378 3289 1512 3361 Forbes
1529 3330 1538 3347 ·

419 3630 590 3709 Visrtatio
607 3628 787 3701 Jocalium
805 3624 953 3701 ecclesie
970 3628 1184 3701 cathedralis
1196 3624 1464 3700 Aberdonensls
1480 3627 1574 3699 fastu
1586 3650 1682 3698 nono
1695 3627 1755 3697 die

417 3741 547 3819 mensis
585 3741 715 3834 Mercij
744 3763 838 3812 anuo
868 3740 1016 3813 Domini
1032 3762 1123 3827 mn.
1149 3743 1189 3813 in
1217 3764 1288 3834 qua
1314 3750 1457 3834 reperta
1497 3749 1600 3811 erant
1634 3742 1756 3811 omnia

416 3864 520 3932 iuxta
531 3851 776 3927 visitacionem
790 3853 997 3926 immediate
1010 3855 1264 3947 precedentem
1277 3876 1360 3924 cum
1373 3875 1505 3948 magna
1516 3852 1648 3923 incude
1662 3852 1755 3923 sabri

416 3977 454 4044 in
464 3969 630 4042 manibus
644 3968 781 4039 domini
795 3964 973 4037 Willelmi
988 3966 1149 4039 Rowand
1164 3977 1204 4037 vt
1217 3968 1353 4038 sertur·
1374 3962 1605 4037 Prosentibus
1618 3963 1753 4035 ibidem

415 4080 645 4155 Thesaumrio
664 4077 771 4173 Ovyn
788 4076 978 4171 Banehory
997 4076 1163 4174 Lunmey
1181 4078 1316 4151 Forbss
1332 4072 1541 4171 Tulynellill
1558 4086 1597 4147 et
1620 4074 1754 4169 Mony-

415 4190 541 4267 mvsss·
568 4190 617 4263 Et
648 4202 801 4286 excepto
831 4190 964 4263 annulo
982 4215 1090 4263 aureo
1116 4195 1178 4286 qui
1204 4191 1320 4265 adbuc
1349 4191 1561 4296 remanetin
1587 4189 1754 4259 menibus

416 4302 573 4401 magistri
606 4301 734 4375 Jacobi
762 4302 894 4375 Brown
928 4304 1053 4375 decani
1084 4316 1122 4376 et
1158 4303 1269 4379 calice
1308 4306 1346 4374 in
1380 4301 1544 4373 manibus
1573 4298 1752 4371 Willelmi

416 4415 572 4490 Rolland
591 4457 599 4472 ·
