4050 5534
455 646 522 715 160
968 634 1273 709 REGIS'IRUM
1637 640 1789 735 [secum

456 842 550 911 ricus
569 840 697 934 Rynde
716 835 953 911 thesaurarius
969 836 1126 908 contulit
1142 858 1253 908 vnum
1267 836 1416 908 calicem
1429 848 1640 930 argenteum
1660 842 1790 931 partim

458 954 670 1025 deauratum
689 990 697 1009 ·
716 948 752 1021 Ε
769 948 865 1021 Item
879 969 991 1019 vuum
1003 946 1153 1019 calicem
1169 960 1381 1043 argenteum
1395 949 1655 1042 perdominum
1666 951 1792 1045 Iuger-

457 1088 577 1137 amum
595 1062 798 1158 episcopum
816 1072 998 1157 portatum
1016 1060 1062 1131 de
1079 1058 1219 1153 capella
1234 1061 1280 1131 de
1292 1060 1396 1133 Rana
1408 1100 1417 1118 ·
1429 1060 1465 1130 Ε
1476 1060 1572 1134 Item
1583 1086 1693 1135 vnum
1706 1059 1792 1134 cali-

457 1200 536 1248 cem
550 1177 761 1250 deauratum
776 1198 822 1245 ex
835 1174 929 1246 dono
943 1172 1080 1245 domini
1098 1170 1254 1245 Walteri
1271 1170 1401 1268 Ogilvy
1414 1196 1479 1266 pro
1490 1172 1595 1245 altari
1605 1173 1790 1248 sanatio

458 1290 585 1361 hannis
603 1288 659 1359 ·Ε
670 1287 766 1360 Item
782 1302 873 1357 vnus
886 1283 980 1357 calix
991 1294 1185 1378 argenteus
1194 1306 1258 1377 pro
1270 1283 1376 1358 altari
1387 1286 1484 1357 beati
1495 1284 1673 1381 Machon'j
1685 1291 1791 1362 datus

382 1456 386 1465 .
460 1426 523 1495 per
550 1403 738 1473 dominum
766 1396 960 1471 Ricardum
978 1394 1121 1468 Forbes
1128 1396 1306 1468 decanum
1322 1395 1611 1471 Abirdonensem
1638 1438 1649 1461 ·
1673 1400 1724 1475 Et
1740 1400 1790 1475 lic

458 1518 495 1587 in
509 1523 588 1585 toto
601 1510 685 1584 sunt
703 1511 917 1603 quindenam
935 1506 1065 1581 ealiees
1080 1516 1120 1579 et
1136 1507 1318 1580 tredeeem
1334 1518 1467 1602 patene
1484 1547 1493 1565 ·
1511 1506 1547 1579 Ε
1563 1508 1661 1583 Item
1678 1536 1790 1587 vnum

458 1624 669 1699 crucifixum
687 1632 899 1718 argenteum
917 1620 1129 1691 deauratum
1146 1640 1230 1690 cum
1248 1642 1378 1715 magno
1407 1622 1500 1714 pede
1517 1662 1525 1679 ·
1545 1620 1580 1693 Ε
1597 1622 1695 1697 Item
1712 1650 1793 1699 wua

457 1762 546 1811 crux
563 1740 601 1809 in
614 1759 685 1830 qua
701 1732 754 1807 est
771 1756 851 1829 pars
868 1732 957 1827 ligni
974 1732 1144 1803 dominici
1154 1732 1201 1803 de
1212 1742 1362 1826 argento
1379 1774 1388 1790 ·
1408 1731 1443 1804 Ε
1460 1732 1557 1805 Item
1568 1758 1639 1809 vua
1650 1762 1742 1811 crux
1755 1744 1792 1811 in

457 1876 527 1945 qua
557 1845 716 1943 estpars
744 1846 832 1942 ligni
862 1842 973 1917 senili
1000 1840 1155 1915 Andree
1180 1844 1225 1915 de
1249 1856 1399 1940 argento
1425 1846 1597 1919 deaurato
1621 1873 1669 1921 ex
1696 1851 1793 1923 dono

457 1964 592 2035 domini
606 1960 763 2034 Gilberti
775 1955 928 2053 episcopi
946 1994 955 2012 ·
973 1954 1008 2027 Ε
1026 1955 1123 2028 Item
1132 1978 1204 2027 vna
1219 1980 1308 2027 cmx
1320 1980 1405 2029 cum
1422 1982 1533 2053 paruo
1546 1960 1640 2054 pede
1655 1974 1696 2034 et
1712 1986 1793 2035 aru.

456 2076 563 2149 cifixo
580 2074 626 2145 de
643 2082 793 2167 argento
809 2070 981 2142 deaurato
997 2089 1082 2139 cum
1092 2075 1246 2161 quatuor
1255 2072 1483 2164 ymaginibus
1508 2071 1689 2147 deauratis
1705 2072 1793 2147 litu-

455 2200 517 2263 ata
529 2186 634 2280 super
646 2183 771 2257 ourillo
791 2226 800 2243 ·
818 2180 852 2253 Ε
870 2179 967 2253 Item
979 2202 1050 2253 vua
1064 2203 1153 2252 crux
1167 2180 1213 2277 de
1224 2193 1374 2276 argento
1386 2183 1558 2257 deaurato
1574 2208 1659 2257 eum
1675 2188 1794 2261 tribus

456 2299 634 2395 lapidibus
647 2296 744 2391 ligno
759 2296 914 2389 coopert’
932 2334 940 2351 ·
959 2289 995 2362 Ε
1011 2291 1109 2365 Item
1122 2314 1266 2365 crucem
1283 2293 1329 2365 de
1345 2294 1522 2369 auricalco
1539 2336 1549 2353 ·
1567 2293 1602 2366 Ε
1619 2296 1718 2371 Item
1744 2326 1793 2375 ex

394 2408 399 2419 '
456 2415 551 2485 dono
576 2406 735 2505 magistri
746 2406 896 2481 Henriei
919 2404 1045 2498 Hervy
1062 2405 1217 2477 cantoris
1233 2402 1502 2479 Aberdonensrs
1519 2430 1611 2481 vnus
1634 2412 1794 2485 annulus

455 2544 584 2598 aureus
613 2540 696 2593 eum
726 2543 748 2591 a
775 2540 864 2613 grau
890 2512 990 2589 stane
1016 2556 1025 2574 ·
1053 2514 1150 2587 Item
1184 2539 1231 2587 ex
1264 2516 1358 2589 dono
1384 2516 1544 2591 eiusdem
1569 2544 1680 2595 vnum
1715 2548 1795 2596 mo-

455 2637 529 2709 nile
546 2654 695 2707 aureum
714 2652 795 2703 cum
808 2630 924 2701 tribus
949 2629 1069 2701 rubeis
1087 2638 1125 2699 et
1149 2628 1266 2701 tribus
1289 2628 1412 2723 peirlis
1437 2672 1446 2687 ·
1465 2631 1500 2700 Ε
1516 2631 1613 2703 Item
1630 2658 1678 2705 ex
1696 2636 1793 2708 douo

456 2744 614 2821 elusdem
632 2767 724 2816 vnus
740 2740 906 2817 anuellus
924 2750 1117 2836 argenteus
1134 2763 1217 2813 cum
1242 2764 1372 2837 magno
1397 2745 1517 2837 eapite
1532 2746 1570 2816 iu
1587 2768 1659 2837 quo
1675 2754 1794 2822 eonti-

456 2870 564 2933 netur
587 2856 780 2930 crucifixus
797 2854 917 2927 Maria
933 2862 973 2925 et
988 2852 1165 2925 Iohannis
1182 2891 1191 2909 ·
1211 2850 1245 2921 Ε
1262 2850 1359 2925 Item
1377 2855 1559 2927 brachium
1578 2871 1794 2952 argenteum

453 2972 564 3047 sandi
579 2964 740 3065 Fergusrj
759 2990 841 3040 cum
860 2960 990 3037 ollibus
1007 2962 1165 3037 eiusdem
1183 3006 1192 3023 ·
1212 2963 1246 3036 Ε
1263 2962 1360 3037 ltem
1377 2989 1448 3038 vna
1463 2970 1558 3060 pixis
1574 2969 1620 3039 de
1635 2968 1794 3045 cristallo
1929 3046 1936 3061 ,

455 3110 538 3159 eum
553 3084 645 3178 pede
662 3082 802 3177 argenti
820 3080 982 3151 deaurati
1000 3100 1084 3151 cum
1106 3073 1254 3149 diuersa
1271 3076 1457 3173 reliquiJ's·
1477 3076 1512 3149 Ε
1528 3078 1625 3151 Item
1647 3081 1683 3153 le
1705 3087 1794 3181 culp

454 3222 519 3292 pro
531 3190 724 3268 eukaristia
739 3193 785 3266 de
802 3200 951 3286 argento
969 3190 1141 3263 deaurato
1158 3187 1215 3260 u
1231 3186 1329 3261 Item
1346 3191 1417 3261 due
1434 3191 1541 3263 theae
1551 3191 1597 3263 de
1612 3198 1794 3269 auricalco

453 3334 518 3405 pro
535 3307 695 3401 reliquiis
705 3302 957 3377 conseruandis
974 3323 1125 3397 quarum
1142 3324 1213 3373 vna
1228 3300 1340 3375 habet
1352 3298 1413 3373 sex
1430 3306 1615 3399 ymagines
1627 3330 1673 3377 ex
1687 3320 1793 3400 parte
1905 3327 1910 3333 ·

456 3419 576 3495 clausa
592 3429 631 3493 et
647 3438 760 3489 vnum
778 3416 891 3489 altare
909 3436 992 3487 cum
1014 3414 1126 3487 calice
1142 3414 1285 3507 depisto
1300 3411 1405 3507 super
1419 3412 1534 3487 altare
1550 3416 1735 3511 depittum
1753 3425 1793 3493 iu

455 3558 526 3628 qua
542 3533 775 3604 continentur
791 3522 861 3599 ossa
876 3524 996 3599 santae
1013 3525 1130 3597 Elone
1147 3522 1303 3597 Katriue
1329 3533 1367 3597 et
1384 3523 1506 3600 sanae
1523 3526 1735 3624 Margarete
1752 3548 1792 3603 et

456 3643 570 3718 Ysaao
580 3642 860 3738 patriarcharum
872 3636 1025 3711 etsaniti
1036 3634 1793 3715 Duthaei·u1teminaliathecavidelicet

454 3760 500 3830 de
510 3754 733 3829 vestimentis
745 3753 852 3824 beate
864 3752 1021 3847 uirginis
1032 3747 1152 3821 Maria
1164 3758 1203 3820 et
1214 3749 1261 3820 de
1271 3748 1434 3843 pluribus
1446 3749 1526 3845 alijs
1537 3752 1707 3825 videlicet
1717 3754 1792 3828 olla

455 3871 555 3941 Petri
581 3877 619 3939 et
637 3863 741 3939 Pauli
759 3872 797 3935 et
814 3862 920 3935 beate
943 3860 1092 3956 Brigide
1108 3860 1155 3931 de
1172 3861 1329 3932 crinibus
1345 3861 1443 3934 beati
1468 3862 1650 3935 Edmundi
1673 3869 1792 3939 archi-

453 3978 633 4076 episcopi·
659 3976 693 4049 Ε
711 3975 807 4048 Item
830 3996 942 4046 vnum
961 3971 1081 4068 joenle
1106 3969 1298 4045 eukaristie
1316 3974 1362 4045 de
1380 3985 1529 4068 argento
1546 3975 1718 4049 deaurato
1740 3982 1789 4053 ad

452 4094 600 4165 modum
627 4084 731 4162 castri
757 4110 840 4159 curn
866 4086 901 4157 le
915 4084 1042 4157 barillo
1065 4085 1190 4156 datum
1215 4107 1279 4178 per
1303 4085 1490 4157 dominnm
1507 4084 1711 4161 Hemicum
1740 4093 1789 4163 de

455 4206 622 4299 Lychton
651 4198 856 4295 episcopum
882 4193 1178 4271 Aberdonensem
1205 4198 1243 4268 in
1270 4197 1373 4268 auius
1399 4194 1607 4295 summitate
1638 4205 1791 4293 ponitur

447 4316 565 4413 jocale
581 4335 730 4386 aureum
743 4334 825 4383 cum
838 4312 1004 4405 ymagine
1014 4310 1161 4402 pietatis
1170 4308 1297 4381 datum
1307 4332 1372 4401 per
1382 4310 1568 4383 dominum
1578 4310 1789 4387 Iohannem

438 4416 596 4501 ¹Frostar
612 4426 657 4497 de
674 4418 881 4517 Cyrstorfyn
898 4460 906 4479 ·
925 4420 960 4491 Ε
976 4421 1074 4495 Item
1084 4443 1176 4494 vnus
1188 4420 1343 4493 annulus
1359 4431 1552 4517 argenteus
1565 4447 1649 4497 oum
1665 4424 1789 4520 lapide

453 4544 498 4613 de
509 4539 701 4631 columpna
714 4537 819 4608 datus
832 4558 896 4628 per
910 4532 1129 4609 Nicbolaum
1141 4530 1273 4607 besur-
1292 4531 1327 4602 Ε
1344 4532 1440 4605 Item
1452 4556 1543 4607 mus
1555 4536 1710 4609 annulus
1722 4564 1788 4611 au-
