4050 5534
268 643 371 738 xvc]
732 637 1137 714 ABERDONENSE.
1538 653 1607 718 115

269 853 421 918 cantent
436 843 635 915 matutinas
653 842 698 913 de
714 837 836 914 nostra
852 842 999 914 domina
1014 837 1179 915 submissa
1191 852 1315 915 tamen
1332 851 1371 914 et
1388 843 1608 939 intelligibili

268 980 359 1029 voce
376 966 416 1028 et
431 955 605 1027 finiantur
627 954 723 1028 diste
748 955 929 1025 matutine
952 963 1038 1026 ante
1064 957 1262 1034 matutinas
1280 957 1325 1027 de
1343 957 1401 1028 die
1419 967 1459 1028 vt
1478 953 1609 1052 possint

268 1067 357 1141 dicti
375 1069 478 1163 pueri
496 1063 663 1139 interesse
687 1067 880 1139 matutinis
897 1067 935 1136 in
953 1067 1061 1138 choro
1087 1067 1147 1138 vbi
1173 1070 1345 1140 continue
1371 1065 1519 1141 stabunt
1535 1079 1610 1142 tres

267 1205 315 1255 ex
332 1205 406 1254 vna
420 1190 525 1274 parte
551 1181 650 1251 chori
667 1188 707 1250 et
722 1187 797 1250 tres
814 1201 861 1248 ex
878 1177 993 1250 altera
1020 1203 1138 1251 coram
1164 1176 1276 1252 stallis
1292 1181 1457 1252 manibus
1475 1178 1546 1253 suis
1571 1184 1608 1254 in

266 1295 419 1367 manicis
435 1290 541 1387 super
555 1294 681 1384 petbus
705 1286 880 1384 impositis
896 1291 1058 1363 vultibus
1083 1287 1252 1364 modestis
1270 1292 1410 1363 cultum
1426 1294 1609 1388 religionis

267 1416 307 1479 et
323 1407 514 1502 grauitatis
530 1428 594 1498 pre
613 1402 651 1477 se
667 1405 825 1475 serentes
841 1426 911 1474 neo
927 1405 1011 1476 inde
1038 1401 1075 1474 se
1099 1413 1271 1475 moueant
1288 1400 1354 1474 nisi
1371 1414 1547 1477 vocentur
1563 1409 1609 1479 ad

267 1520 461 1592 ambonem
477 1517 537 1590 rel
552 1541 618 1611 per
633 1512 814 1589 saoristm
840 1517 887 1587 ad
914 1516 1127 1588 deferendas
1152 1517 1255 1588 tedas
1279 1539 1422 1588 crucem
1450 1525 1514 1589 aut
1539 1519 1609 1591 alia

196 1664 202 1676 ·
267 1628 485 1704 necessaria·

267 1854 424 1947 Sintqne
449 1855 536 1925 ditti
565 1853 666 1946 pueri
696 1849 762 1924 sub
786 1851 913 1947 regula
937 1849 1126 1946 disciplina
1159 1862 1197 1925 et
1231 1854 1438 1926 obedientia
1462 1879 1608 1950 precep-

266 1969 356 2039 toris
381 1964 501 2038 schole
526 1965 745 2038 cantationis
770 1972 847 2036 tam
872 1966 910 2034 in
936 1974 1049 2036 cantu
1074 1987 1181 2057 quam
1209 1968 1247 2036 iri
1271 1968 1430 2038 moribus
1455 1990 1607 2060 quorum

266 2081 473 2174 cyrimoniis
497 2080 535 2149 in
561 2078 670 2149 choro
697 2073 969 2171 superintendat
999 2074 1188 2147 succentor
1215 2078 1276 2169 qui
1310 2076 1453 2149 eosdem
1478 2103 1608 2173 pueros

266 2192 400 2286 eligere
417 2191 529 2262 habet
545 2185 689 2262 seclusis
704 2212 812 2283 prece
827 2190 944 2281 pretio
962 2196 1027 2260 aut
1044 2189 1167 2260 fauore
1185 2186 1246 2260 sed
1263 2190 1377 2284 magis
1393 2191 1551 2283 ydoneos
1569 2201 1608 2262 et

265 2305 454 2399 peritiores
481 2303 520 2374 in
549 2310 660 2374 cantu
689 2323 815 2372 vocem
846 2299 1024 2393 puerilem
1058 2301 1235 2372 habentes
1268 2325 1358 2394 quos
1386 2300 1608 2395 presentabit

265 2418 406 2489 cantori
431 2415 598 2507 quotiens
619 2409 833 2485 instituendi
849 2410 958 2483 sunt·
980 2411 1076 2484 Item
1096 2414 1193 2505 quod
1210 2413 1296 2485 dieii
1320 2416 1424 2507 pueri
1441 2416 1607 2507 quotiens

265 2525 505 2600 instituuntur
529 2523 735 2598 deseruiant
759 2527 871 2620 gratis
897 2522 1031 2618 absque
1056 2521 1244 2618 stipendiis
1262 2549 1327 2619 pro
1345 2527 1461 2598 tribus
1483 2529 1607 2621 primis

265 2636 448 2712 mensibus
473 2648 513 2710 et
539 2661 665 2710 eorum
691 2635 869 2731 stipendia
894 2659 1049 2708 vnacum
1066 2633 1205 2709 summa
1230 2634 1372 2710 sexlib.
1390 2661 1607 2733 perannum

265 2753 418 2824 fundata
434 2748 618 2823 transeant
643 2751 688 2821 ad
714 2746 1012 2820 sustentationem
1038 2747 1229 2820 habituum
1247 2759 1286 2821 et
1303 2751 1399 2842 quod
1424 2750 1604 2844 reliquum

265 2867 377 2939 fuerit
398 2862 504 2958 supra
529 2861 692 2956 sumptus
721 2862 912 2933 habituum
942 2865 1138 2954 reponatur
1160 2863 1198 2932 in
1223 2864 1377 2954 quadam
1403 2872 1486 2935 teca
1511 2887 1607 2934 eom·

265 2979 369 3048 muni
401 2977 561 3048 habente
591 2977 679 3047 duas
708 2972 802 3046 seras
837 2995 920 3046 eum
945 2973 1084 3044 duabus
1111 2972 1272 3046 clauibus
1305 2997 1457 3067 quarum
1490 2975 1604 3048 altera

265 3112 331 3183 per
359 3085 602 3183 presidentem
628 3087 777 3181 capituli
803 3110 867 3181 pro
898 3094 1061 3179 tempore
1087 3085 1201 3158 altera
1228 3109 1313 3158 vero
1342 3109 1410 3179 per
1438 3111 1605 3181 procura-

265 3210 383 3273 torem
409 3223 639 3272 communem
662 3199 811 3292 capituli
837 3195 1059 3270 custodiatur
1083 3208 1121 3270 et
1147 3197 1356 3292 disponatur
1376 3197 1599 3272 inhonestos

265 3311 347 3384 rsus
359 3309 509 3385 ecclesie
522 3313 568 3384 ad
581 3309 834 3384 discretionem
845 3310 1017 3404 capituli·
1033 3309 1083 3380 Et
1097 3306 1122 3380 si
1137 3312 1199 3403 qui
1212 3309 1390 3383 dittorum
1406 3335 1599 3405 puerorum

265 3426 426 3498 habeant
453 3432 622 3518 parentes
648 3425 781 3495 diuites
797 3424 1012 3517 prouideant
1037 3419 1103 3494 sibi
1129 3424 1175 3494 de
1204 3420 1276 3495 suis
1305 3423 1488 3496 habitibus
1518 3437 1603 3521 toga

266 3537 436 3609 videlicet
452 3545 492 3608 et
502 3533 752 3630 superpellicio
767 3531 925 3608 honestis
940 3532 1143 3628 sumptibus
1161 3537 1312 3628 propriis
1330 3545 1368 3608 et
1385 3559 1497 3630 quum
1515 3536 1603 3610 dicti

264 3652 367 3744 pueri
384 3646 568 3721 amiserint
593 3671 720 3720 vocem
736 3647 912 3742 puerilem
928 3644 976 3720 sie
993 3649 1089 3739 quod
1107 3647 1261 3741 amplius
1278 3671 1351 3720 non
1369 3645 1452 3720 sunt
1468 3651 1598 3744 ydonei

264 3762 312 3832 ad
340 3762 410 3832 hoc
438 3782 571 3830 munus
599 3757 825 3831 subeundum
852 3770 1087 3831 amoueanter
1120 3783 1141 3831 a
1168 3760 1276 3831 choro
1309 3771 1348 3832 et
1381 3761 1442 3832 alii
1476 3786 1601 3834 eorum

265 3872 354 3943 locis
378 3895 443 3966 per
466 3869 714 3943 succentorem
739 3878 780 3942 vt
804 3873 1029 3964 premittitur
1053 3868 1287 3944 instituantur
1311 3871 1452 3966 prouiso
1481 3885 1603 3947 temen

268 3984 366 4078 quod
390 3983 445 4055 illi
471 3985 574 4077 pueri
600 3978 650 4055 sic
683 3985 796 4054 amoti
821 3982 1024 4055 deliberent
1049 3986 1270 4076 procuratori
1294 3989 1476 4058 communi
1510 3991 1605 4083 capi·
1695 4039 1699 4048 ·

266 4095 337 4168 tuli
354 4105 476 4191 togam
493 4104 533 4168 et
549 4093 837 4190 superpellicium
862 4095 900 4164 in
917 4117 1043 4166 eorum
1060 4092 1194 4168 recessu
1212 4091 1239 4166 fi
1257 4097 1304 4168 de
1320 4094 1522 4191 sumptibus
1547 4123 1604 4173 ec-

266 4205 374 4282 clesie
398 4208 471 4279 illis
487 4204 637 4302 desuper
660 4206 842 4303 prouisum
866 4206 985 4279 fuerat
1010 4203 1063 4278 sin
1087 4230 1172 4279 vero
1197 4204 1397 4302 sumptibus
1413 4220 1603 4304 parentum

264 4318 473 4392 huiusmodi
489 4319 634 4392 habitus
651 4319 847 4412 comparati
865 4329 969 4391 erant
988 4321 1084 4414 apud
1111 4318 1203 4414 ipsos
1219 4343 1348 4414 pueros
1364 4335 1577 4397 remaneant
1594 4365 1601 4382 ·

264 4431 365 4505 Item
382 4433 479 4524 quod
497 4433 582 4504 ditti
599 4433 701 4526 pueri
719 4433 758 4503 in
769 4451 894 4503 eorum
912 4432 1027 4525 primo
1045 4433 1206 4505 aduentu
1223 4431 1384 4527 prestant
1400 4437 1604 4510 cautionem

262 4545 445 4640 ydoneam
462 4544 507 4615 de
522 4544 757 4616 'refundendis
782 4539 940 4616 vestibus
964 4567 1031 4638 per
1047 4545 1245 4638 capitulum
1272 4547 1406 4639 emptis
1423 4549 1461 4620 in
1478 4572 1601 4622 eorum
