4050 5534
459 672 531 738 312
974 654 1281 731 REGIS'I'RUM
1642 659 1794 757 [ascum

460 866 591 961 pagina
606 860 753 935 humilis
771 856 942 955 professor
957 882 1000 933 ao
1016 858 1169 931 fratrum
1194 856 1329 929 ordinis
1345 858 1610 953 predicatorum
1628 860 1665 931 in
1683 884 1793 958 regno

460 977 584 1051 Scotio
599 976 697 1071 prior
719 972 951 1069 prouincialis
974 968 1128 1043 salntem
1146 976 1184 1041 ot
1201 990 1266 1063 per
1292 970 1506 1065 temporalia
1529 976 1720 1067 peruenire
1748 978 1793 1047 ad

460 1082 1419 1163 eternamNoueritisrenorabilemvirumdominum
1429 1083 1604 1158 Thomam
1616 1086 1791 1181 Myrtoun

459 1202 750 1275 archidiaconum
767 1192 1066 1270 Aberdononsem
1087 1192 1167 1267 aelo
1187 1193 1409 1269 consciencie
1434 1206 1574 1269 motum
1600 1208 1639 1271 et
1658 1196 1795 1275 sincera

459 1314 652 1386 dilcttionc
664 1334 773 1403 quam
785 1312 832 1383 ad
844 1310 1002 1383 animam
1014 1308 1074 1402 pie
1087 1308 1260 1379 memorio
1272 1308 1462 1383 reuerendi
1476 1312 1513 1381 in
1524 1308 1664 1384 Christo
1682 1318 1794 1408 patris

458 1426 594 1498 domini
629 1422 811 1495 Willelmi
852 1414 1089 1516 Elphiostone
1122 1421 1304 1513 qnondam
1337 1420 1491 1517 episcopi
1525 1422 1793 1499 Aberdoncnsis

457 1537 597 1633 semper
620 1536 770 1633 gerebat
795 1528 962 1607 obtulisse
983 1531 1087 1603 nobis
1113 1528 1289 1605 summam
1314 1535 1569 1631 quadringinta
1594 1559 1793 1613 morcarum

457 1660 604 1724 monete
620 1652 658 1721 in
675 1672 763 1721 auro
788 1656 827 1719 et
842 1654 994 1741 argento
1018 1644 1267 1739 applicandam
1291 1644 1426 1719 ordinis
1442 1646 1592 1721 vtilitati
1610 1657 1793 1726 communi

456 1766 627 1859 precipue
649 1761 782 1833 fabrico
799 1765 1003 1831 conuentus
1020 1752 1129 1828 nostri
1147 1758 1184 1827 in
1203 1756 1337 1830 Sonitu
1354 1756 1503 1831 Andron
1520 1770 1558 1831 ct
1577 1774 1616 1834 vt
1632 1766 1792 1838 caritatis

456 1871 696 1949 viciffitudine
708 1896 773 1967 per
787 1868 985 1965 spiritualia
1000 1867 1165 1963 suffragia
1176 1866 1480 1943 satisfaceremus·
1499 1870 1578 1945 Nos
1596 1896 1681 1946 vero
1698 1880 1793 1972 capi·

455 1988 623 2061 tularitsr
639 1985 845 2079 congregati
864 1982 902 2053 in
919 1980 1079 2076 capitulo
1104 1980 1317 2075 prouinciali
1334 1984 1372 2055 in
1389 1992 1574 2057 conuentu
1591 1988 1637 2059 do
1654 1987 1793 2062 Strino·

454 2100 532 2195 ling
547 2098 729 2171 celebrato
746 2099 785 2167 in
802 2096 861 2167 die
877 2091 988 2166 sancti
1012 2092 1156 2165 Mathei
1182 2088 1332 2187 apostoli
1350 2103 1387 2165 et
1405 2094 1625 2191 euangelista
1642 2100 1680 2171 in
1697 2124 1792 2173 anno

455 2212 605 2283 Domini
634 2204 824 2281 millesrmo
849 2200 1135 2301 quingentesimo
1166 2204 1305 2276 decimo
1335 2201 1438 2277 sexto
1465 2208 1792 2286 interuenientibus

454 2320 601 2397 consrlio
626 2333 664 2393 et
690 2316 860 2393 consensu
878 2318 1111 2389 diffinitorum
1136 2317 1282 2411 predicti
1309 2318 1457 2411 capituli
1481 2319 1651 2395 videlicet
1673 2325 1791 2399 fratris

456 2436 646 2527 Viocoutij
663 2432 841 2503 Tinttoris
857 2430 984 2525 prioris
1000 2428 1070 2501 loci
1088 2429 1295 2523 capitularis
1318 2429 1477 2503 eiusdem
1504 2433 1623 2508 fratris
1640 2438 1790 2511 Roberti

455 2548 537 2620 [ailo
554 2548 592 2619 io
610 2542 714 2617 sacris
738 2542 870 2615 litteris
897 2540 1084 2635 baccolcrij
1103 2542 1230 2635 prioris
1256 2556 1461 2616 conuentus
1479 2547 1524 2617 de
1542 2546 1652 2619 Parth
1671 2551 1790 2623 fratris

453 2659 630 2732 Johannis
654 2653 816 2730 Gresone
841 2656 879 2725 in
907 2650 1015 2725 sacris
1041 2653 1173 2725 litteris
1200 2654 1310 2726 ctiam
1337 2655 1527 2751 baccalarij
1553 2661 1681 2753 prioris
1707 2686 1790 2737 con·

452 2780 585 2844 uentus
607 2762 876 2841 Aberdonensrs
902 2777 940 2839 et
966 2766 1086 2837 fratris
1103 2765 1280 2869 Johannis
1306 2766 1479 2867 Spensin
1497 2768 1631 2843 eisdem
1659 2773 1790 2848 litteris

452 2882 639 2975 baccalarij
674 2891 713 2953 et
745 2880 873 2974 prioris
905 2888 1109 2949 conuentus
1136 2876 1419 2974 Edinburgensrs
1444 2882 1523 2955 uelo
1553 2888 1790 2979 promotionis

451 2994 563 3067 nostri
589 2994 723 3065 ordinis
739 2994 777 3063 in
794 2990 949 3085 regulari
968 2992 1099 3061 sitast
1117 2986 1233 3061 studio
1259 2990 1434 3065 litterario
1453 2995 1550 3068 ducti
1576 2996 1790 3073 deliberaci-

452 3130 534 3181 mus
566 3107 698 3179 dittam
731 3105 884 3199 pecunia
925 3100 1101 3175 summam
1144 3103 1402 3195 acceptandam
1432 3104 1508 3177 sore
1541 3108 1789 3203 applicandam

451 3220 586 3294 fabrice
602 3218 688 3289 noui
705 3228 908 3289 conuentus
924 3214 1049 3287 Santti
1067 3213 1216 3287 Andros
1234 3226 1274 3285 vt
1291 3214 1366 3287 illic
1384 3216 1442 3289 dei
1454 3220 1572 3313 gratia
1588 3216 1676 3293 osset
1693 3222 1791 3295 futu-

453 3354 515 3405 rus
531 3338 732 3405 conuentus
758 3330 910 3401 fratrum
936 3327 1151 3422 regulariter
1166 3328 1369 3399 cluentium
1398 3342 1438 3401 et
1455 3328 1632 3403 sacrarum
1654 3333 1791 3408 littera·

451 3467 531 3516 rum
542 3442 659 3515 studio
670 3443 806 3536 iugiter
817 3436 1055 3511 insistentium
1075 3438 1134 3511 vbi
1153 3450 1261 3511 antea
1279 3460 1370 3511 anus
1388 3438 1482 3513 solus
1496 3442 1608 3515 frater
1623 3468 1702 3517 raro
1720 3448 1790 3519 duo

452 3556 685 3627 morabantur
702 3592 711 3611 ·
729 3548 1039 3648 obligauimusque
1064 3572 1130 3621 nos
1156 3548 1321 3621 stridtiori
1345 3555 1453 3625 modo
1478 3578 1551 3647 quo
1576 3554 1720 3651 possunt
1746 3563 1789 3633 ad

453 3670 520 3739 hoc
540 3662 694 3761 religiosa
712 3664 863 3759 obligari
880 3662 1062 3735 celebrare
1081 3686 1187 3735 vnam
1205 3663 1423 3737 cotidianam
1448 3662 1584 3739 missam
1604 3666 1678 3743 fine
1705 3685 1790 3745 nota

451 3781 716 3873 imperpetuum
736 3778 774 3847 in
791 3772 942 3849 ecclcsra
964 3770 1084 3847 nostra
1109 3774 1391 3870 Edinburgensrs
1417 3790 1621 3853 conuentus
1638 3782 1697 3855 vbi
1714 3806 1792 3877 pre-

451 3894 518 3965 fati
546 3889 736 3963 reuerendi
767 3886 921 3982 episcopi
950 3884 1082 3959 viscera
1107 3886 1257 3958 humata
1286 3887 1516 3981 requiescunt
1542 3915 1625 3965 cum
1653 3894 1791 3969 duobus

452 3999 701 4095 anniuersarijs
722 4000 905 4093 perpetuis
927 4000 965 4069 io
991 4000 1050 4070 die
1067 3998 1187 4070 obitus
1204 3998 1289 4071 dicti
1307 3998 1461 4097 episcopi
1479 4024 1590 4074 vnum
1608 4006 1792 4080 celebran-

452 4120 537 4187 dum
556 4117 594 4185 in
611 4114 706 4185 dicto
723 4120 908 4185 conuentu
926 4106 1187 4205 Edinburgensr
1206 4109 1304 4182 aliud
1321 4134 1405 4185 vcro
1432 4114 1469 4185 in
1493 4116 1589 4186 dicto
1606 4132 1792 4191 conuentu

451 4224 574 4301 Sancti
598 4224 747 4297 Andreo
770 4246 835 4319 pro
862 4224 982 4295 anima
1010 4222 1096 4295 disti
1120 4222 1255 4295 domini
1286 4222 1440 4318 episcopi
1471 4236 1509 4297 et
1538 4231 1659 4302 anima
1683 4228 1790 4324 ipsius

450 4339 689 4413 archidiaconi
706 4332 962 4427 animabusque
975 4334 1172 4407 amicorum
1187 4344 1224 4406 et
1242 4334 1511 4409 benesattorum
1524 4336 1666 4411 suorum
1686 4342 1791 4415 ·seci·

451 4450 600 4543 musque
627 4449 759 4521 dicam
783 4446 939 4541 pecunie
962 4443 1140 4518 summam
1173 4468 1237 4539 per
1261 4458 1463 4521 curatorem
1498 4448 1660 4525 nostrum
1695 4478 1789 4525 com-

454 4584 603 4635 munem
628 4560 738 4655 recipi
763 4561 809 4631 de
834 4580 906 4651 qua
921 4559 1075 4651 pecunie
1100 4556 1241 4631 summa
1267 4560 1448 4654 prefatum
1474 4562 1662 4637 dominnm
1678 4566 1791 4639 archi-
