4050 5534
456 642 528 708 310
979 632 1286 710 REGISTRUM
1641 635 1794 732 [secum

459 832 565 907 alsost
580 856 621 907 as
636 834 721 905 naid
738 832 816 907 beia
832 835 903 907 and
919 855 960 907 as
977 856 1033 907 we
1048 834 1095 907 be
1112 836 1262 929 requirit
1277 836 1324 909 be
1340 844 1385 927 pc
1402 830 1476 907 said
1492 834 1567 909 erle
1582 836 1639 909 his
1657 836 1740 907 airis
1755 859 1798 906 or

459 943 686 1020 succelsouris
700 966 747 1041 ay
762 946 834 1019 and
852 946 952 1041 quhil
968 946 1044 1019 thai
1062 948 1109 1021 be
1126 948 1264 1045 sundyn
1281 944 1458 1019 sufficient
1482 948 1530 1019 be
1554 947 1618 1020 the
1642 948 1743 1021 avico
1760 948 1801 1018 of

460 1080 545 1131 men
563 1060 604 1130 of
615 1058 805 1155 knawlege
821 1060 892 1131 and
935 1096 1796 1121 ···············

462 1506 570 1581 Mille
583 1512 792 1604 quotidiana
800 1510 965 1582 fundatio
977 1532 1060 1583 cum
1073 1509 1213 1582 duobus
1223 1508 1473 1605 anniuersarijs
1483 1532 1547 1603 pro
1558 1510 1797 1601 animaquon·

461 1622 543 1693 dam
556 1620 735 1694 Willelmi
748 1618 961 1715 Elphinston
975 1618 1245 1695 Aberdonenlis
1262 1620 1417 1719 episcopi
1430 1644 1494 1717 per
1507 1621 1795 1695 archidiaconum

462 1731 757 1807 Aberdoneusem
773 1732 953 1829 applicate
966 1736 1012 1808 de
1025 1736 1128 1809 bonis
1145 1736 1231 1807 diui
1249 1737 1386 1809 domini
1401 1732 1558 1830 episcopi
1574 1770 1583 1791 ·

458 1944 491 2046 J
495 1974 654 2045 ohannes
678 1970 906 2045 miseratione
934 1974 1059 2047 diuina
1083 1974 1179 2067 prior
1205 1968 1354 2046 ecclesie
1381 1972 1659 2067 metropolitane
1685 1968 1794 2043 santii

460 2085 609 2157 Andree
625 2108 765 2156 necnon
783 2095 822 2157 et
839 2083 922 2157 sede
948 2094 1100 2157 vacante
1117 2085 1269 2157 vicarius
1293 2084 1470 2180 generalis
1497 2082 1653 2157 ciusdem
1673 2104 1796 2156 raner-

460 2198 545 2271 abili
563 2198 640 2269 viro
652 2197 798 2268 domino
815 2193 953 2270 Thone
970 2196 1146 2292 Myrtoae
1170 2197 1421 2270 archidiacono
1437 2191 1688 2269 Aberdonensr
1705 2192 1796 2267 salu·

460 2322 535 2383 tem
564 2349 573 2367 ·
604 2308 700 2393 Quia
729 2332 776 2379 ex
806 2310 949 2403 propria
975 2307 1091 2381 vestra
1120 2303 1335 2381 confelsrone
1366 2308 1485 2381 dicitis
1513 2330 1575 2379 vos
1600 2307 1734 2381 habere
1758 2310 1795 2379 in

459 2417 620 2515 deposito
645 2432 684 2491 et
709 2415 870 2492 custodia
896 2444 918 2493 a
945 2422 1142 2493 reuerendo
1168 2422 1207 2491 in
1238 2416 1379 2492 Clrristo
1407 2428 1509 2512 patre
1537 2422 1596 2514 pie
1623 2422 1795 2493 memoria

459 2535 605 2605 domino
617 2531 807 2604 Willelmo
818 2528 983 2627 episcopo
994 2528 1244 2605 Aberdoneusr
1256 2535 1293 2605 in
1307 2542 1458 2628 argento
1469 2542 1508 2605 ct
1521 2556 1607 2605 auro
1621 2530 1795 2605 summam

458 2649 695 2718 ducentarum
714 2643 919 2737 quindecim
941 2645 1112 2717 librarum
1139 2644 1198 2739 xvj
1217 2647 1247 2717 ἔ.
1265 2646 1303 2716 ix
1321 2640 1357 2715 d.
1374 2641 1506 2717 usualis
1531 2654 1677 2716 moneto
1694 2648 1795 2740 regni

458 2760 583 2831 Scotie
596 2778 738 2829 necnon
755 2756 881 2828 decem
893 2757 1043 2831 ducatos
1061 2758 1212 2831 maiores
1223 2779 1375 2851 quorum
1386 2756 1540 2849 quilibet
1554 2756 1652 2828 valet
1670 2758 1795 2830 decern

458 2873 609 2944 ducatos
625 2866 788 2941 vsuales·
815 2867 912 2941 Item
938 2870 1028 2941 duos
1052 2871 1202 2943 ducatos
1227 2889 1379 2962 quorum
1406 2867 1558 2961 quilibet
1584 2868 1681 2941 valet
1707 2870 1796 2941 duos

459 2986 608 3056 ducatos
626 2979 764 3052 vsnales
789 3004 873 3053 cum
899 3005 970 3053 vno
988 2982 1025 3077 ly
1041 2982 1141 3076 ryolc
1157 2980 1335 3077 gallicano
1354 2980 1497 3053 valente
1520 3004 1571 3053 xx
1589 2982 1618 3053 ἔ.
1646 2978 1795 3077 Insuper

458 3096 620 3167 fatemini
638 3092 770 3164 habere
787 3090 833 3165 ab
850 3094 978 3166 codem
995 3117 1107 3167 vnum
1121 3090 1300 3167 salsarium
1318 3102 1530 3189 argenteum
1548 3094 1714 3188 ponderis
1732 3094 1794 3185 xiij

457 3227 650 3279 rncearum
668 3214 706 3275 et
723 3201 785 3275 sex
810 3204 962 3277 annulos
984 3228 1111 3279 aureos
1128 3228 1256 3300 paruos
1281 3206 1449 3299 ponderis
1471 3206 1575 3277 vuius
1594 3226 1706 3282 vncee
1731 3216 1794 3278 aut

457 3322 596 3391 eocirca
621 3356 630 3375 ·
657 3316 874 3409 quequidem
898 3316 1039 3391 summa
1054 3320 1207 3413 pecunie
1233 3320 1269 3390 in
1296 3328 1446 3414 argento
1464 3327 1501 3389 et
1527 3342 1613 3390 auro
1637 3314 1794 3390 restabat

427 3416 432 3426 ’
457 3434 494 3503 in
512 3430 677 3503 manibus
694 3425 820 3500 vestris
838 3438 1001 3524 ternpore
1014 3431 1135 3502 obitus
1153 3431 1236 3503 disti
1255 3425 1435 3524 episcopi·
1455 3428 1533 3501 Nos
1553 3432 1665 3525 igitur
1681 3432 1794 3503 totius

456 3544 552 3615 ditte
570 3540 707 3614 summa
728 3562 790 3612 vos
816 3553 1048 3615 executorem
1066 3566 1130 3637 per
1154 3540 1338 3637 presentes
1356 3541 1483 3614 damus
1508 3538 1731 3613 instituimus
1755 3553 1792 3613 et

455 3657 707 3728 confirmamus
737 3664 777 3723 vt
822 3654 891 3727 hoc
916 3655 1024 3725 modo
1060 3676 1125 3749 per
1160 3676 1222 3726 vos
1252 3650 1486 3725 distribuatur
1520 3694 1528 3710 ·
1567 3652 1664 3725 Nam
1698 3654 1793 3723 otto·

454 3770 558 3863 ginta
588 3786 727 3837 mercas
757 3765 888 3837 dabitis
921 3767 1167 3859 praemando
1197 3766 1352 3859 quodam
1388 3774 1468 3835 orto
1510 3773 1549 3837 et
1583 3776 1793 3837 tenemento

456 3876 625 3953 fratribus
658 3878 856 3948 minoribus
899 3877 944 3949 de
977 3877 1150 3950 Aberden
1185 3873 1365 3947 residuum
1408 3900 1492 3948 vero
1526 3876 1621 3948 dicte
1654 3874 1792 3949 summe

456 3992 588 4063 dabitis
615 3986 780 4082 religioso
805 3991 881 4060 viro
898 3990 1000 4061 fratri
1026 3990 1185 4062 Johanni
1203 3985 1387 4061 Adamson
1405 3986 1617 4082 prouinciali
1640 3988 1792 4061 fratrum

455 4104 589 4174 ordinis
616 4102 882 4195 predicatorum
911 4112 950 4172 et
977 4097 1042 4196 ipsr
1072 4101 1188 4171 ordini
1222 4100 1267 4172 ad
1302 4098 1539 4171 edificandum
1571 4110 1792 4171 conuentum

455 4214 541 4285 diui
558 4213 691 4284 ordinis
708 4212 801 4283 infra
814 4207 1085 4283 vniuerutatem
1096 4208 1205 4283 sandi
1223 4208 1372 4283 Andrec
1386 4208 1537 4305 Ipseque
1555 4211 1642 4282 ordo
1660 4210 1794 4305 obliga-

453 4325 553 4397 bitur
577 4327 614 4395 in
640 4334 826 4396 conuentu
852 4321 1114 4419 Edinbnrgenli
1142 4324 1202 4395 vbi
1227 4322 1312 4393 disti
1339 4323 1528 4395 reuerendi
1549 4322 1685 4395 domini
1703 4322 1792 4417 epis·

454 4436 535 4530 copi
553 4434 685 4508 viscera
710 4436 861 4508 humata
886 4433 1116 4530 requiescunt
1133 4436 1178 4508 ad
1197 4456 1304 4507 ruam
1327 4434 1545 4507 cotidianam
1563 4429 1698 4507 missam
1718 4434 1791 4507 fine

454 4556 542 4621 nota
558 4555 596 4617 et
614 4568 724 4617 vnum
750 4556 964 4641 perpetuum
988 4543 1268 4623 anniuersarium
1297 4568 1380 4619 cum
1398 4542 1498 4619 missa
1514 4542 1663 4619 solemni
1680 4548 1717 4617 in
1732 4548 1790 4621 die
