<?xml version="1.0" encoding="UTF-8"?>
<!DOCTYPE html PUBLIC "-//W3C//DTD XHTML 1.0 Transitional//EN"
    "http://www.w3.org/TR/xhtml1/DTD/xhtml1-transitional.dtd">
<html xmlns="http://www.w3.org/1999/xhtml" xml:lang="en" lang="en">
 <head>
  <title>
</title>
<meta http-equiv="Content-Type" content="text/html;charset=utf-8" />
  <meta name='ocr-system' content='tesseract 3.04.00' />
  <meta name='ocr-capabilities' content='ocr_page ocr_carea ocr_par ocr_line ocrx_word'/>
</head>
<body>
  <div class='ocr_page' id='page_1' title='image "./registrumepisco02innegoog_0071.png"; bbox 0 0 4050 5534; ppageno 0'>
   <div class='ocr_carea' id='block_1_1' title="bbox 249 663 1115 762">
    <p class='ocr_par' dir='ltr' id='par_1_1' title="bbox 249 663 1115 762">
     <span class='ocr_line' id='line_1_1' title="bbox 249 663 1115 762; baseline 0 -24"><span class='ocrx_word' id='word_1_1' title='bbox 249 663 353 762; x_wconf 71' lang='lat' dir='ltr'>xus]</span> <span class='ocrx_word' id='word_1_2' title='bbox 713 664 1115 741; x_wconf 85' lang='lat' dir='ltr'><strong>ABERDONENSE.</strong></span> 
     </span>
    </p>
   </div>
   <div class='ocr_carea' id='block_1_2' title="bbox 402 973 1424 1074">
    <p class='ocr_par' dir='ltr' id='par_1_2' title="bbox 402 973 1424 1074">
     <span class='ocr_line' id='line_1_2' title="bbox 402 973 1424 1074; baseline 0.006 -27"><span class='ocrx_word' id='word_1_3' title='bbox 402 974 553 1048; x_wconf 91' lang='lat' dir='ltr'><strong>XXXI.</strong></span> <span class='ocrx_word' id='word_1_4' title='bbox 579 974 638 1048; x_wconf 89' lang='lat' dir='ltr'>De</span> <span class='ocrx_word' id='word_1_5' title='bbox 654 1001 760 1050; x_wconf 87' lang='lat' dir='ltr'>cruce</span> <span class='ocrx_word' id='word_1_6' title='bbox 776 973 921 1074; x_wconf 78' lang='lat' dir='ltr'>[ignatis</span> <span class='ocrx_word' id='word_1_7' title='bbox 938 979 984 1051; x_wconf 84' lang='lat' dir='ltr'>eb</span> <span class='ocrx_word' id='word_1_8' title='bbox 1000 975 1150 1052; x_wconf 80' lang='lat' dir='ltr'>ecclesia</span> <span class='ocrx_word' id='word_1_9' title='bbox 1165 981 1399 1054; x_wconf 77' lang='lat' dir='ltr'>defendendis</span> <span class='ocrx_word' id='word_1_10' title='bbox 1416 1021 1424 1036; x_wconf 94' lang='lat'><strong>·</strong></span> 
     </span>
    </p>
   </div>
   <div class='ocr_carea' id='block_1_3' title="bbox 241 1201 1575 1635">
    <p class='ocr_par' dir='ltr' id='par_1_3' title="bbox 241 1201 1575 1635">
     <span class='ocr_line' id='line_1_3' title="bbox 244 1201 1575 1299; baseline 0.003 -25"><span class='ocrx_word' id='word_1_11' title='bbox 244 1201 447 1276; x_wconf 90' lang='lat' dir='ltr'>Statuimus</span> <span class='ocrx_word' id='word_1_12' title='bbox 480 1209 604 1274; x_wconf 84' lang='lat' dir='ltr'>nutem</span> <span class='ocrx_word' id='word_1_13' title='bbox 637 1203 849 1274; x_wconf 73' lang='lat' dir='ltr'>austeritate</span> <span class='ocrx_word' id='word_1_14' title='bbox 882 1201 1024 1295; x_wconf 87' lang='lat' dir='ltr'>concilij</span> <span class='ocrx_word' id='word_1_15' title='bbox 1059 1201 1310 1276; x_wconf 87' lang='lat' dir='ltr'>Lateranenlis</span> <span class='ocrx_word' id='word_1_16' title='bbox 1341 1207 1437 1299; x_wconf 92' lang='lat' dir='ltr'>quod</span> <span class='ocrx_word' id='word_1_17' title='bbox 1471 1229 1575 1278; x_wconf 90' lang='lat' dir='ltr'>cruce</span> 
     </span>
     <span class='ocr_line' id='line_1_4' title="bbox 245 1308 1573 1412; baseline 0.002 -24"><span class='ocrx_word' id='word_1_18' title='bbox 245 1311 372 1412; x_wconf 79' lang='lat' dir='ltr'>signati</span> <span class='ocrx_word' id='word_1_19' title='bbox 397 1316 468 1386; x_wconf 89' lang='lat' dir='ltr'>rite</span> <span class='ocrx_word' id='word_1_20' title='bbox 486 1314 532 1386; x_wconf 83' lang='lat' dir='ltr'>ab</span> <span class='ocrx_word' id='word_1_21' title='bbox 549 1308 697 1386; x_wconf 80' lang='lat' dir='ltr'>ecclesia</span> <span class='ocrx_word' id='word_1_22' title='bbox 721 1312 848 1386; x_wconf 90' lang='lat' dir='ltr'>tuendi</span> <span class='ocrx_word' id='word_1_23' title='bbox 865 1311 947 1386; x_wconf 91' lang='lat' dir='ltr'>sunt</span> <span class='ocrx_word' id='word_1_24' title='bbox 971 1310 1038 1387; x_wconf 78' lang='lat' dir='ltr'>nisi</span> <span class='ocrx_word' id='word_1_25' title='bbox 1063 1325 1210 1411; x_wconf 87' lang='lat' dir='ltr'>propter</span> <span class='ocrx_word' id='word_1_26' title='bbox 1233 1315 1377 1389; x_wconf 87' lang='lat' dir='ltr'>suorum</span> <span class='ocrx_word' id='word_1_27' title='bbox 1400 1317 1573 1390; x_wconf 87' lang='lat' dir='ltr'>scelerum</span> 
     </span>
     <span class='ocr_line' id='line_1_5' title="bbox 244 1421 1574 1524; baseline 0.002 -25"><span class='ocrx_word' id='word_1_28' title='bbox 244 1428 506 1500; x_wconf 81' lang='lat' dir='ltr'>immanitatem</span> <span class='ocrx_word' id='word_1_29' title='bbox 519 1425 565 1498; x_wconf 88' lang='lat' dir='ltr'>ab</span> <span class='ocrx_word' id='word_1_30' title='bbox 579 1421 811 1498; x_wconf 82' lang='lat' dir='ltr'>ecclesiastica</span> <span class='ocrx_word' id='word_1_31' title='bbox 823 1421 1029 1498; x_wconf 82' lang='lat' dir='ltr'>defensione</span> <span class='ocrx_word' id='word_1_32' title='bbox 1046 1428 1181 1500; x_wconf 86' lang='lat' dir='ltr'>fuerint</span> <span class='ocrx_word' id='word_1_33' title='bbox 1197 1426 1457 1522; x_wconf 86' lang='lat' dir='ltr'>sequestrandi·</span> <span class='ocrx_word' id='word_1_34' title='bbox 1470 1428 1574 1524; x_wconf 88' lang='lat' dir='ltr'>snper</span> 
     </span>
     <span class='ocr_line' id='line_1_6' title="bbox 241 1535 1416 1635; baseline 0 -23"><span class='ocrx_word' id='word_1_35' title='bbox 241 1540 309 1612; x_wconf 93' lang='lat' dir='ltr'>hoc</span> <span class='ocrx_word' id='word_1_36' title='bbox 325 1535 460 1610; x_wconf 87' lang='lat' dir='ltr'>iustum</span> <span class='ocrx_word' id='word_1_37' title='bbox 476 1538 647 1611; x_wconf 85' lang='lat' dir='ltr'>indicium</span> <span class='ocrx_word' id='word_1_38' title='bbox 664 1535 850 1632; x_wconf 75' lang='lat' dir='ltr'>dyocesani</span> <span class='ocrx_word' id='word_1_39' title='bbox 867 1539 981 1610; x_wconf 92' lang='lat' dir='ltr'>modis</span> <span class='ocrx_word' id='word_1_40' title='bbox 999 1542 1164 1612; x_wconf 87' lang='lat' dir='ltr'>omnibus</span> <span class='ocrx_word' id='word_1_41' title='bbox 1181 1544 1416 1635; x_wconf 69' lang='lat' dir='ltr'>expectetur·</span> 
     </span>
    </p>
   </div>
   <div class='ocr_carea' id='block_1_4' title="bbox 244 1762 1572 1856">
    <p class='ocr_par' dir='ltr' id='par_1_4' title="bbox 244 1762 1572 1856">
     <span class='ocr_line' id='line_1_7' title="bbox 244 1762 1572 1856; baseline 0.003 -20"><span class='ocrx_word' id='word_1_42' title='bbox 244 1762 415 1836; x_wconf 89' lang='lat' dir='ltr'><strong>XXXII.</strong></span> <span class='ocrx_word' id='word_1_43' title='bbox 433 1762 539 1848; x_wconf 85' lang='lat' dir='ltr'>Quod</span> <span class='ocrx_word' id='word_1_44' title='bbox 552 1763 649 1834; x_wconf 89' lang='lat' dir='ltr'>nami</span> <span class='ocrx_word' id='word_1_45' title='bbox 662 1785 736 1833; x_wconf 88' lang='lat' dir='ltr'>non</span> <span class='ocrx_word' id='word_1_46' title='bbox 749 1763 936 1856; x_wconf 82' lang='lat' dir='ltr'>capiantur</span> <span class='ocrx_word' id='word_1_47' title='bbox 947 1785 1013 1856; x_wconf 88' lang='lat' dir='ltr'>per</span> <span class='ocrx_word' id='word_1_48' title='bbox 1024 1763 1133 1836; x_wconf 89' lang='lat' dir='ltr'>laicos</span> <span class='ocrx_word' id='word_1_49' title='bbox 1143 1767 1181 1836; x_wconf 86' lang='lat' dir='ltr'>iu</span> <span class='ocrx_word' id='word_1_50' title='bbox 1191 1769 1297 1838; x_wconf 90' lang='lat' dir='ltr'>terris</span> <span class='ocrx_word' id='word_1_51' title='bbox 1307 1763 1572 1840; x_wconf 81' lang='lat' dir='ltr'>ecclesiasticis·</span> 
     </span>
    </p>
   </div>
   <div class='ocr_carea' id='block_1_5' title="bbox 239 1986 1574 2736">
    <p class='ocr_par' dir='ltr' id='par_1_5' title="bbox 239 1986 1574 2736">
     <span class='ocr_line' id='line_1_8' title="bbox 241 1986 1572 2084; baseline 0.002 -23"><span class='ocrx_word' id='word_1_52' title='bbox 241 1989 427 2062; x_wconf 86' lang='lat' dir='ltr'>Satuimns</span> <span class='ocrx_word' id='word_1_53' title='bbox 453 1987 549 2082; x_wconf 92' lang='lat' dir='ltr'>quod</span> <span class='ocrx_word' id='word_1_54' title='bbox 579 1986 700 2058; x_wconf 90' lang='lat' dir='ltr'>nullus</span> <span class='ocrx_word' id='word_1_55' title='bbox 729 1987 929 2060; x_wconf 77' lang='lat' dir='ltr'>vicecomes</span> <span class='ocrx_word' id='word_1_56' title='bbox 958 1986 1114 2059; x_wconf 89' lang='lat' dir='ltr'>ballinns</span> <span class='ocrx_word' id='word_1_57' title='bbox 1140 1989 1199 2060; x_wconf 87' lang='lat' dir='ltr'>vel</span> <span class='ocrx_word' id='word_1_58' title='bbox 1225 1991 1432 2084; x_wconf 90' lang='lat' dir='ltr'>quicunque</span> <span class='ocrx_word' id='word_1_59' title='bbox 1462 1991 1572 2064; x_wconf 85' lang='lat' dir='ltr'>laicus</span> 
     </span>
     <span class='ocr_line' id='line_1_9' title="bbox 241 2097 1574 2194; baseline 0.002 -20"><span class='ocrx_word' id='word_1_60' title='bbox 241 2125 388 2174; x_wconf 90' lang='lat' dir='ltr'>namum</span> <span class='ocrx_word' id='word_1_61' title='bbox 413 2101 531 2194; x_wconf 87' lang='lat' dir='ltr'>capiat</span> <span class='ocrx_word' id='word_1_62' title='bbox 548 2097 606 2170; x_wconf 85' lang='lat' dir='ltr'>vel</span> <span class='ocrx_word' id='word_1_63' title='bbox 631 2101 710 2193; x_wconf 82' lang='lat' dir='ltr'>capi</span> <span class='ocrx_word' id='word_1_64' title='bbox 737 2099 845 2172; x_wconf 83' lang='lat' dir='ltr'>saciet</span> <span class='ocrx_word' id='word_1_65' title='bbox 870 2100 908 2170; x_wconf 91' lang='lat' dir='ltr'>in</span> <span class='ocrx_word' id='word_1_66' title='bbox 934 2100 1010 2170; x_wconf 86' lang='lat' dir='ltr'>foro</span> <span class='ocrx_word' id='word_1_67' title='bbox 1031 2099 1151 2194; x_wconf 90' lang='lat' dir='ltr'>aliquo</span> <span class='ocrx_word' id='word_1_68' title='bbox 1168 2101 1227 2172; x_wconf 88' lang='lat' dir='ltr'>vel</span> <span class='ocrx_word' id='word_1_69' title='bbox 1254 2111 1359 2173; x_wconf 84' lang='lat' dir='ltr'>extra</span> <span class='ocrx_word' id='word_1_70' title='bbox 1384 2103 1501 2175; x_wconf 84' lang='lat' dir='ltr'>forum</span> <span class='ocrx_word' id='word_1_71' title='bbox 1527 2105 1574 2176; x_wconf 91' lang='lat' dir='ltr'>de</span> 
     </span>
     <span class='ocr_line' id='line_1_10' title="bbox 241 2208 1573 2288; baseline 0.001 -1"><span class='ocrx_word' id='word_1_72' title='bbox 241 2215 349 2286; x_wconf 89' lang='lat' dir='ltr'>rebus</span> <span class='ocrx_word' id='word_1_73' title='bbox 373 2213 494 2286; x_wconf 91' lang='lat' dir='ltr'>clerici</span> <span class='ocrx_word' id='word_1_74' title='bbox 519 2209 578 2282; x_wconf 84' lang='lat' dir='ltr'>vel</span> <span class='ocrx_word' id='word_1_75' title='bbox 605 2211 716 2284; x_wconf 88' lang='lat' dir='ltr'>etiam</span> <span class='ocrx_word' id='word_1_76' title='bbox 744 2210 825 2284; x_wconf 90' lang='lat' dir='ltr'>laici</span> <span class='ocrx_word' id='word_1_77' title='bbox 855 2213 1036 2283; x_wconf 85' lang='lat' dir='ltr'>manentis</span> <span class='ocrx_word' id='word_1_78' title='bbox 1066 2213 1104 2283; x_wconf 92' lang='lat' dir='ltr'>in</span> <span class='ocrx_word' id='word_1_79' title='bbox 1131 2213 1236 2284; x_wconf 90' lang='lat' dir='ltr'>terris</span> <span class='ocrx_word' id='word_1_80' title='bbox 1261 2208 1489 2286; x_wconf 80' lang='lat' dir='ltr'>ecclesiarum</span> <span class='ocrx_word' id='word_1_81' title='bbox 1514 2215 1573 2288; x_wconf 85' lang='lat' dir='ltr'>vel</span> 
     </span>
     <span class='ocr_line' id='line_1_11' title="bbox 241 2319 1574 2422; baseline 0.001 -24"><span class='ocrx_word' id='word_1_82' title='bbox 241 2328 352 2399; x_wconf 89' lang='lat' dir='ltr'>etiam</span> <span class='ocrx_word' id='word_1_83' title='bbox 370 2327 418 2397; x_wconf 89' lang='lat' dir='ltr'>ad</span> <span class='ocrx_word' id='word_1_84' title='bbox 434 2322 662 2395; x_wconf 81' lang='lat' dir='ltr'>vendendum</span> <span class='ocrx_word' id='word_1_85' title='bbox 687 2320 908 2416; x_wconf 85' lang='lat' dir='ltr'>compellant</span> <span class='ocrx_word' id='word_1_86' title='bbox 930 2319 995 2394; x_wconf 94' lang='lat' dir='ltr'>sub</span> <span class='ocrx_word' id='word_1_87' title='bbox 1021 2319 1246 2397; x_wconf 86' lang='lat' dir='ltr'>estimatione</span> <span class='ocrx_word' id='word_1_88' title='bbox 1263 2346 1333 2416; x_wconf 89' lang='lat' dir='ltr'>que</span> <span class='ocrx_word' id='word_1_89' title='bbox 1347 2324 1415 2422; x_wconf 87' lang='lat' dir='ltr'>sor</span> <span class='ocrx_word' id='word_1_90' title='bbox 1438 2325 1469 2399; x_wconf 78' lang='lat' dir='ltr'>Ic</span> <span class='ocrx_word' id='word_1_91' title='bbox 1487 2326 1574 2422; x_wconf 66' lang='lat' dir='ltr'>Rup</span> 
     </span>
     <span class='ocr_line' id='line_1_12' title="bbox 241 2430 1573 2534; baseline -0.001 -23"><span class='ocrx_word' id='word_1_92' title='bbox 241 2439 437 2534; x_wconf 74' lang='lat' dir='ltr'>vulgariter</span> <span class='ocrx_word' id='word_1_93' title='bbox 462 2436 594 2507; x_wconf 88' lang='lat' dir='ltr'>dicitur</span> <span class='ocrx_word' id='word_1_94' title='bbox 610 2475 619 2490; x_wconf 92' lang='lat'><strong>·</strong></span> <span class='ocrx_word' id='word_1_95' title='bbox 638 2434 745 2519; x_wconf 87' lang='lat' dir='ltr'>Quod</span> <span class='ocrx_word' id='word_1_96' title='bbox 763 2430 789 2504; x_wconf 81' lang='lat' dir='ltr'>si</span> <span class='ocrx_word' id='word_1_97' title='bbox 806 2431 907 2506; x_wconf 91' lang='lat' dir='ltr'>secus</span> <span class='ocrx_word' id='word_1_98' title='bbox 931 2433 1053 2507; x_wconf 78' lang='lat' dir='ltr'>acum</span> <span class='ocrx_word' id='word_1_99' title='bbox 1078 2435 1188 2507; x_wconf 84' lang='lat' dir='ltr'>iirerit</span> <span class='ocrx_word' id='word_1_100' title='bbox 1203 2432 1231 2506; x_wconf 82' lang='lat' dir='ltr'>ss</span> <span class='ocrx_word' id='word_1_101' title='bbox 1249 2438 1392 2529; x_wconf 87' lang='lat' dir='ltr'>capiens</span> <span class='ocrx_word' id='word_1_102' title='bbox 1408 2438 1467 2510; x_wconf 86' lang='lat' dir='ltr'>vel</span> <span class='ocrx_word' id='word_1_103' title='bbox 1493 2441 1573 2533; x_wconf 89' lang='lat' dir='ltr'>capi</span> 
     </span>
     <span class='ocr_line' id='line_1_13' title="bbox 240 2545 1572 2640; baseline -0.001 -16"><span class='ocrx_word' id='word_1_104' title='bbox 240 2553 374 2624; x_wconf 80' lang='lat' dir='ltr'>faciens</span> <span class='ocrx_word' id='word_1_105' title='bbox 398 2548 617 2620; x_wconf 89' lang='lat' dir='ltr'>ammonitus</span> <span class='ocrx_word' id='word_1_106' title='bbox 632 2569 689 2618; x_wconf 89' lang='lat' dir='ltr'>res</span> <span class='ocrx_word' id='word_1_107' title='bbox 706 2545 830 2618; x_wconf 89' lang='lat' dir='ltr'>taliter</span> <span class='ocrx_word' id='word_1_108' title='bbox 846 2555 968 2640; x_wconf 84' lang='lat' dir='ltr'>captas</span> <span class='ocrx_word' id='word_1_109' title='bbox 990 2554 1055 2619; x_wconf 87' lang='lat' dir='ltr'>aut</span> <span class='ocrx_word' id='word_1_110' title='bbox 1071 2548 1236 2620; x_wconf 84' lang='lat' dir='ltr'>venditas</span> <span class='ocrx_word' id='word_1_111' title='bbox 1259 2548 1353 2620; x_wconf 83' lang='lat' dir='ltr'>infra</span> <span class='ocrx_word' id='word_1_112' title='bbox 1376 2552 1572 2623; x_wconf 89' lang='lat' dir='ltr'>terminum</span> 
     </span>
     <span class='ocr_line' id='line_1_14' title="bbox 239 2654 1572 2736; baseline -0.001 0"><span class='ocrx_word' id='word_1_113' title='bbox 239 2661 305 2736; x_wconf 86' lang='lat' dir='ltr'>fibi</span> <span class='ocrx_word' id='word_1_114' title='bbox 329 2659 505 2736; x_wconf 86' lang='lat' dir='ltr'>statutum</span> <span class='ocrx_word' id='word_1_115' title='bbox 528 2681 603 2730; x_wconf 93' lang='lat' dir='ltr'>non</span> <span class='ocrx_word' id='word_1_116' title='bbox 626 2654 823 2730; x_wconf 87' lang='lat' dir='ltr'>restituerit</span> <span class='ocrx_word' id='word_1_117' title='bbox 845 2667 884 2730; x_wconf 91' lang='lat' dir='ltr'>et</span> <span class='ocrx_word' id='word_1_118' title='bbox 907 2659 1018 2732; x_wconf 88' lang='lat' dir='ltr'>etiam</span> <span class='ocrx_word' id='word_1_119' title='bbox 1043 2658 1088 2730; x_wconf 94' lang='lat' dir='ltr'>de</span> <span class='ocrx_word' id='word_1_120' title='bbox 1113 2659 1243 2731; x_wconf 88' lang='lat' dir='ltr'>iniuria</span> <span class='ocrx_word' id='word_1_121' title='bbox 1266 2657 1464 2734; x_wconf 79' lang='lat' dir='ltr'>satisfacere</span> <span class='ocrx_word' id='word_1_122' title='bbox 1487 2687 1572 2735; x_wconf 90' lang='lat' dir='ltr'>con·</span> 
     </span>
    </p>
   </div>
   <div class='ocr_carea' id='block_1_6' title="bbox 239 2765 1572 2982">
    <p class='ocr_par' dir='ltr' id='par_1_6' title="bbox 239 2765 1572 2982">
     <span class='ocr_line' id='line_1_15' title="bbox 239 2765 1572 2870; baseline 0 -22"><span class='ocrx_word' id='word_1_123' title='bbox 239 2772 426 2870; x_wconf 85' lang='lat' dir='ltr'>tempserit</span> <span class='ocrx_word' id='word_1_124' title='bbox 440 2795 506 2869; x_wconf 92' lang='lat' dir='ltr'>per</span> <span class='ocrx_word' id='word_1_125' title='bbox 521 2771 901 2844; x_wconf 79' lang='lat' dir='ltr'>excommunicationis</span> <span class='ocrx_word' id='word_1_126' title='bbox 917 2765 992 2843; x_wconf 77' lang='lat' dir='ltr'>siue</span> <span class='ocrx_word' id='word_1_127' title='bbox 1008 2771 1189 2844; x_wconf 70' lang='lat' dir='ltr'>interdicti</span> <span class='ocrx_word' id='word_1_128' title='bbox 1214 2767 1431 2846; x_wconf 88' lang='lat' dir='ltr'>sententiam</span> <span class='ocrx_word' id='word_1_129' title='bbox 1448 2773 1572 2848; x_wconf 88' lang='lat' dir='ltr'>secun·</span> 
     </span>
     <span class='ocr_line' id='line_1_16' title="bbox 239 2877 1475 2982; baseline -0.004 -21"><span class='ocrx_word' id='word_1_130' title='bbox 239 2889 326 2961; x_wconf 88' lang='lat' dir='ltr'>dnm</span> <span class='ocrx_word' id='word_1_131' title='bbox 344 2888 439 2982; x_wconf 93' lang='lat' dir='ltr'>quod</span> <span class='ocrx_word' id='word_1_132' title='bbox 455 2884 635 2957; x_wconf 84' lang='lat' dir='ltr'>videbitur</span> <span class='ocrx_word' id='word_1_133' title='bbox 651 2884 820 2977; x_wconf 85' lang='lat' dir='ltr'>expedire</span> <span class='ocrx_word' id='word_1_134' title='bbox 836 2877 911 2954; x_wconf 88' lang='lat' dir='ltr'>fine</span> <span class='ocrx_word' id='word_1_135' title='bbox 928 2905 1028 2955; x_wconf 93' lang='lat' dir='ltr'>more</span> <span class='ocrx_word' id='word_1_136' title='bbox 1044 2879 1227 2976; x_wconf 89' lang='lat' dir='ltr'>dispendio</span> <span class='ocrx_word' id='word_1_137' title='bbox 1244 2897 1451 2956; x_wconf 85' lang='lat' dir='ltr'>coerceatur</span> <span class='ocrx_word' id='word_1_138' title='bbox 1468 2927 1475 2944; x_wconf 92' lang='lat'><strong>·</strong></span> 
     </span>
    </p>
   </div>
   <div class='ocr_carea' id='block_1_7' title="bbox 326 3103 1482 3195">
    <p class='ocr_par' dir='ltr' id='par_1_7' title="bbox 326 3103 1482 3195">
     <span class='ocr_line' id='line_1_17' title="bbox 326 3103 1482 3195; baseline -0.003 -11"><span class='ocrx_word' id='word_1_139' title='bbox 326 3109 444 3184; x_wconf 91' lang='lat' dir='ltr'>XXX</span> <span class='ocrx_word' id='word_1_140' title='bbox 447 3108 519 3181; x_wconf 93' lang='lat' dir='ltr'><strong>III.</strong></span> <span class='ocrx_word' id='word_1_141' title='bbox 545 3107 651 3195; x_wconf 88' lang='lat' dir='ltr'>Quod</span> <span class='ocrx_word' id='word_1_142' title='bbox 668 3107 818 3181; x_wconf 87' lang='lat' dir='ltr'>clericus</span> <span class='ocrx_word' id='word_1_143' title='bbox 834 3131 907 3180; x_wconf 91' lang='lat' dir='ltr'>non</span> <span class='ocrx_word' id='word_1_144' title='bbox 925 3107 1089 3180; x_wconf 85' lang='lat' dir='ltr'>trahatur</span> <span class='ocrx_word' id='word_1_145' title='bbox 1104 3106 1149 3180; x_wconf 86' lang='lat' dir='ltr'>nd</span> <span class='ocrx_word' id='word_1_146' title='bbox 1166 3107 1283 3179; x_wconf 81' lang='lat' dir='ltr'>sorum</span> <span class='ocrx_word' id='word_1_147' title='bbox 1299 3103 1456 3180; x_wconf 86' lang='lat' dir='ltr'>seculare</span> <span class='ocrx_word' id='word_1_148' title='bbox 1474 3150 1482 3167; x_wconf 91' lang='lat'><em>·</em></span> 
     </span>
    </p>
   </div>
   <div class='ocr_carea' id='block_1_8' title="bbox 237 3327 1572 4670">
    <p class='ocr_par' dir='ltr' id='par_1_8' title="bbox 237 3327 1572 4670">
     <span class='ocr_line' id='line_1_18' title="bbox 241 3327 1571 3427; baseline -0.003 -17"><span class='ocrx_word' id='word_1_149' title='bbox 241 3336 444 3410; x_wconf 86' lang='lat' dir='ltr'>Statuimus</span> <span class='ocrx_word' id='word_1_150' title='bbox 469 3335 580 3406; x_wconf 88' lang='lat' dir='ltr'>etiam</span> <span class='ocrx_word' id='word_1_151' title='bbox 602 3333 697 3425; x_wconf 92' lang='lat' dir='ltr'>quod</span> <span class='ocrx_word' id='word_1_152' title='bbox 719 3327 748 3402; x_wconf 83' lang='lat' dir='ltr'>ss</span> <span class='ocrx_word' id='word_1_153' title='bbox 770 3327 1005 3404; x_wconf 88' lang='lat' dir='ltr'>ecclefiastica</span> <span class='ocrx_word' id='word_1_154' title='bbox 1032 3327 1182 3424; x_wconf 87' lang='lat' dir='ltr'>persona</span> <span class='ocrx_word' id='word_1_155' title='bbox 1207 3340 1333 3403; x_wconf 88' lang='lat' dir='ltr'>contra</span> <span class='ocrx_word' id='word_1_156' title='bbox 1357 3331 1464 3404; x_wconf 87' lang='lat' dir='ltr'>aliam</span> <span class='ocrx_word' id='word_1_157' title='bbox 1491 3357 1571 3427; x_wconf 86' lang='lat' dir='ltr'>per-</span> 
     </span>
     <span class='ocr_line' id='line_1_19' title="bbox 238 3439 1569 3536; baseline -0.002 -15"><span class='ocrx_word' id='word_1_158' title='bbox 238 3447 362 3522; x_wconf 89' lang='lat' dir='ltr'>sonam</span> <span class='ocrx_word' id='word_1_159' title='bbox 391 3441 662 3521; x_wconf 81' lang='lat' dir='ltr'>ecclesiasticam</span> <span class='ocrx_word' id='word_1_160' title='bbox 695 3451 842 3516; x_wconf 88' lang='lat' dir='ltr'>moueat</span> <span class='ocrx_word' id='word_1_161' title='bbox 871 3440 1094 3536; x_wconf 85' lang='lat' dir='ltr'>questionem</span> <span class='ocrx_word' id='word_1_162' title='bbox 1122 3439 1344 3536; x_wconf 84' lang='lat' dir='ltr'>personalem</span> <span class='ocrx_word' id='word_1_163' title='bbox 1370 3444 1430 3516; x_wconf 81' lang='lat' dir='ltr'>vel</span> <span class='ocrx_word' id='word_1_164' title='bbox 1459 3449 1569 3520; x_wconf 84' lang='lat' dir='ltr'>etiam</span> 
     </span>
     <span class='ocr_line' id='line_1_20' title="bbox 239 3549 1569 3654; baseline -0.003 -20"><span class='ocrx_word' id='word_1_165' title='bbox 239 3561 373 3634; x_wconf 88' lang='lat' dir='ltr'>realem</span> <span class='ocrx_word' id='word_1_166' title='bbox 396 3557 502 3654; x_wconf 90' lang='lat' dir='ltr'>super</span> <span class='ocrx_word' id='word_1_167' title='bbox 524 3558 632 3630; x_wconf 87' lang='lat' dir='ltr'>rebus</span> <span class='ocrx_word' id='word_1_168' title='bbox 656 3564 720 3628; x_wconf 86' lang='lat' dir='ltr'>aut</span> <span class='ocrx_word' id='word_1_169' title='bbox 744 3555 922 3648; x_wconf 89' lang='lat' dir='ltr'>aliquibus</span> <span class='ocrx_word' id='word_1_170' title='bbox 947 3555 1052 3626; x_wconf 91' lang='lat' dir='ltr'>bonis</span> <span class='ocrx_word' id='word_1_171' title='bbox 1076 3549 1320 3628; x_wconf 80' lang='lat' dir='ltr'>ecclesiasticis</span> <span class='ocrx_word' id='word_1_172' title='bbox 1345 3579 1426 3628; x_wconf 89' lang='lat' dir='ltr'>eam</span> <span class='ocrx_word' id='word_1_173' title='bbox 1450 3581 1569 3631; x_wconf 88' lang='lat' dir='ltr'>coram</span> 
     </span>
     <span class='ocr_line' id='line_1_21' title="bbox 240 3664 1571 3764; baseline -0.002 -17"><span class='ocrx_word' id='word_1_174' title='bbox 240 3675 358 3747; x_wconf 89' lang='lat' dir='ltr'>indice</span> <span class='ocrx_word' id='word_1_175' title='bbox 374 3666 609 3746; x_wconf 77' lang='lat' dir='ltr'>ecclesiastico</span> <span class='ocrx_word' id='word_1_176' title='bbox 625 3666 858 3764; x_wconf 82' lang='lat' dir='ltr'>prosequatur</span> <span class='ocrx_word' id='word_1_177' title='bbox 873 3665 979 3762; x_wconf 89' lang='lat' dir='ltr'>super</span> <span class='ocrx_word' id='word_1_178' title='bbox 994 3666 1064 3760; x_wconf 78' lang='lat' dir='ltr'>hiJ&#39;s</span> <span class='ocrx_word' id='word_1_179' title='bbox 1080 3664 1320 3739; x_wconf 89' lang='lat' dir='ltr'>aduersarium</span> <span class='ocrx_word' id='word_1_180' title='bbox 1335 3666 1438 3740; x_wconf 90' lang='lat' dir='ltr'>suum</span> <span class='ocrx_word' id='word_1_181' title='bbox 1455 3670 1571 3744; x_wconf 88' lang='lat' dir='ltr'>nulla·</span> 
     </span>
     <span class='ocr_line' id='line_1_22' title="bbox 238 3775 1569 3874; baseline -0.005 -14"><span class='ocrx_word' id='word_1_182' title='bbox 238 3799 347 3860; x_wconf 88' lang='lat' dir='ltr'>tenus</span> <span class='ocrx_word' id='word_1_183' title='bbox 373 3787 419 3858; x_wconf 87' lang='lat' dir='ltr'>ad</span> <span class='ocrx_word' id='word_1_184' title='bbox 448 3785 564 3857; x_wconf 84' lang='lat' dir='ltr'>forum</span> <span class='ocrx_word' id='word_1_185' title='bbox 591 3783 745 3854; x_wconf 80' lang='lat' dir='ltr'>vetitum</span> <span class='ocrx_word' id='word_1_186' title='bbox 774 3779 1015 3874; x_wconf 81' lang='lat' dir='ltr'>pertrahendo</span> <span class='ocrx_word' id='word_1_187' title='bbox 1040 3819 1049 3835; x_wconf 92' lang='lat'><strong>·</strong></span> <span class='ocrx_word' id='word_1_188' title='bbox 1073 3778 1168 3871; x_wconf 92' lang='lat' dir='ltr'>quod</span> <span class='ocrx_word' id='word_1_189' title='bbox 1193 3775 1221 3849; x_wconf 81' lang='lat' dir='ltr'>si</span> <span class='ocrx_word' id='word_1_190' title='bbox 1244 3778 1352 3853; x_wconf 87' lang='lat' dir='ltr'>aliter</span> <span class='ocrx_word' id='word_1_191' title='bbox 1375 3781 1421 3852; x_wconf 87' lang='lat' dir='ltr'>ab</span> <span class='ocrx_word' id='word_1_192' title='bbox 1449 3781 1569 3874; x_wconf 86' lang='lat' dir='ltr'>aliquo</span> 
     </span>
     <span class='ocr_line' id='line_1_23' title="bbox 238 3887 1570 3996; baseline -0.004 -24"><span class='ocrx_word' id='word_1_193' title='bbox 238 3897 486 3996; x_wconf 88' lang='lat' dir='ltr'>presumptum</span> <span class='ocrx_word' id='word_1_194' title='bbox 501 3887 653 3966; x_wconf 83' lang='lat' dir='ltr'>fireritfi</span> <span class='ocrx_word' id='word_1_195' title='bbox 670 3893 841 3966; x_wconf 88' lang='lat' dir='ltr'>canonice</span> <span class='ocrx_word' id='word_1_196' title='bbox 866 3893 1026 3963; x_wconf 92' lang='lat' dir='ltr'>monitus</span> <span class='ocrx_word' id='word_1_197' title='bbox 1050 3913 1124 3964; x_wconf 92' lang='lat' dir='ltr'>non</span> <span class='ocrx_word' id='word_1_198' title='bbox 1147 3887 1325 3962; x_wconf 89' lang='lat' dir='ltr'>destiterit</span> <span class='ocrx_word' id='word_1_199' title='bbox 1341 3893 1439 3963; x_wconf 70' lang='lat' dir='ltr'>ador</span> <span class='ocrx_word' id='word_1_200' title='bbox 1454 3916 1476 3964; x_wconf 89' lang='lat' dir='ltr'>a</span> <span class='ocrx_word' id='word_1_201' title='bbox 1492 3896 1570 3967; x_wconf 90' lang='lat' dir='ltr'>iure</span> 
     </span>
     <span class='ocr_line' id='line_1_24' title="bbox 239 3998 1569 4106; baseline -0.005 -23"><span class='ocrx_word' id='word_1_202' title='bbox 239 4011 336 4106; x_wconf 91' lang='lat' dir='ltr'>quod</span> <span class='ocrx_word' id='word_1_203' title='bbox 353 4006 419 4082; x_wconf 87' lang='lat' dir='ltr'>libi</span> <span class='ocrx_word' id='word_1_204' title='bbox 435 4007 608 4101; x_wconf 90' lang='lat' dir='ltr'>competit</span> <span class='ocrx_word' id='word_1_205' title='bbox 625 4005 730 4078; x_wconf 86' lang='lat' dir='ltr'>cadat</span> <span class='ocrx_word' id='word_1_206' title='bbox 746 4025 829 4076; x_wconf 88' lang='lat' dir='ltr'>rens</span> <span class='ocrx_word' id='word_1_207' title='bbox 846 3998 871 4074; x_wconf 83' lang='lat' dir='ltr'>si</span> <span class='ocrx_word' id='word_1_208' title='bbox 889 3999 1094 4076; x_wconf 87' lang='lat' dir='ltr'>consenciat</span> <span class='ocrx_word' id='word_1_209' title='bbox 1110 4024 1175 4096; x_wconf 89' lang='lat' dir='ltr'>pro</span> <span class='ocrx_word' id='word_1_210' title='bbox 1189 4004 1352 4075; x_wconf 70' lang='lat' dir='ltr'>concido</span> <span class='ocrx_word' id='word_1_211' title='bbox 1368 4002 1544 4078; x_wconf 86' lang='lat' dir='ltr'>habeatur</span> <span class='ocrx_word' id='word_1_212' title='bbox 1560 4047 1569 4064; x_wconf 87' lang='lat'><strong>·</strong></span> 
     </span>
     <span class='ocr_line' id='line_1_25' title="bbox 239 4113 1571 4213; baseline -0.007 -16"><span class='ocrx_word' id='word_1_213' title='bbox 239 4134 281 4197; x_wconf 89' lang='lat' dir='ltr'>et</span> <span class='ocrx_word' id='word_1_214' title='bbox 296 4120 549 4196; x_wconf 88' lang='lat' dir='ltr'>nichilominus</span> <span class='ocrx_word' id='word_1_215' title='bbox 561 4115 588 4190; x_wconf 83' lang='lat' dir='ltr'>si</span> <span class='ocrx_word' id='word_1_216' title='bbox 601 4118 751 4190; x_wconf 80' lang='lat' dir='ltr'>vlterius</span> <span class='ocrx_word' id='word_1_217' title='bbox 766 4115 995 4210; x_wconf 87' lang='lat' dir='ltr'>perseuerent</span> <span class='ocrx_word' id='word_1_218' title='bbox 1012 4122 1052 4186; x_wconf 91' lang='lat' dir='ltr'>et</span> <span class='ocrx_word' id='word_1_219' title='bbox 1067 4137 1179 4208; x_wconf 89' lang='lat' dir='ltr'>penas</span> <span class='ocrx_word' id='word_1_220' title='bbox 1194 4113 1373 4208; x_wconf 72' lang='lat' dir='ltr'>predictas</span> <span class='ocrx_word' id='word_1_221' title='bbox 1386 4126 1571 4213; x_wconf 89' lang='lat' dir='ltr'>contemp-</span> 
     </span>
     <span class='ocr_line' id='line_1_26' title="bbox 238 4224 1572 4319; baseline -0.003 -11"><span class='ocrx_word' id='word_1_222' title='bbox 238 4246 330 4308; x_wconf 90' lang='lat' dir='ltr'>nant</span> <span class='ocrx_word' id='word_1_223' title='bbox 345 4231 541 4307; x_wconf 90' lang='lat' dir='ltr'>secundum</span> <span class='ocrx_word' id='word_1_224' title='bbox 562 4227 678 4304; x_wconf 88' lang='lat' dir='ltr'>sacros</span> <span class='ocrx_word' id='word_1_225' title='bbox 703 4249 857 4302; x_wconf 84' lang='lat' dir='ltr'>canones</span> <span class='ocrx_word' id='word_1_226' title='bbox 873 4235 912 4300; x_wconf 89' lang='lat' dir='ltr'>st</span> <span class='ocrx_word' id='word_1_227' title='bbox 928 4224 1144 4300; x_wconf 74' lang='lat' dir='ltr'>auctoritate</span> <span class='ocrx_word' id='word_1_228' title='bbox 1168 4224 1309 4319; x_wconf 89' lang='lat' dir='ltr'>concilij</span> <span class='ocrx_word' id='word_1_229' title='bbox 1327 4233 1572 4304; x_wconf 82' lang='lat' dir='ltr'>excommuni-</span> 
     </span>
     <span class='ocr_line' id='line_1_27' title="bbox 238 4335 1571 4441; baseline -0.005 -19"><span class='ocrx_word' id='word_1_230' title='bbox 238 4349 312 4422; x_wconf 84' lang='lat' dir='ltr'>cati</span> <span class='ocrx_word' id='word_1_231' title='bbox 336 4344 481 4441; x_wconf 91' lang='lat' dir='ltr'>publice</span> <span class='ocrx_word' id='word_1_232' title='bbox 498 4344 761 4416; x_wconf 79' lang='lat' dir='ltr'>denunciantur</span> <span class='ocrx_word' id='word_1_233' title='bbox 777 4381 785 4398; x_wconf 92' lang='lat'><em>·</em></span> <span class='ocrx_word' id='word_1_234' title='bbox 803 4340 932 4413; x_wconf 85' lang='lat' dir='ltr'>adhoc</span> <span class='ocrx_word' id='word_1_235' title='bbox 950 4361 1033 4411; x_wconf 90' lang='lat' dir='ltr'>cum</span> <span class='ocrx_word' id='word_1_236' title='bbox 1049 4335 1230 4410; x_wconf 87' lang='lat' dir='ltr'>inuaseres</span> <span class='ocrx_word' id='word_1_237' title='bbox 1247 4361 1289 4410; x_wconf 89' lang='lat' dir='ltr'>ac</span> <span class='ocrx_word' id='word_1_238' title='bbox 1305 4340 1571 4432; x_wconf 85' lang='lat' dir='ltr'>perturbatores</span> 
     </span>
     <span class='ocr_line' id='line_1_28' title="bbox 237 4445 1571 4547; baseline -0.004 -12"><span class='ocrx_word' id='word_1_239' title='bbox 237 4460 511 4535; x_wconf 88' lang='lat' dir='ltr'>immunitatum</span> <span class='ocrx_word' id='word_1_240' title='bbox 540 4455 749 4528; x_wconf 87' lang='lat' dir='ltr'>libertatum</span> <span class='ocrx_word' id='word_1_241' title='bbox 781 4447 1029 4547; x_wconf 82' lang='lat' dir='ltr'>polseffionum</span> <span class='ocrx_word' id='word_1_242' title='bbox 1058 4445 1372 4524; x_wconf 81' lang='lat' dir='ltr'>eccleslasticarnm</span> <span class='ocrx_word' id='word_1_243' title='bbox 1400 4477 1469 4526; x_wconf 89' lang='lat' dir='ltr'>nec</span> <span class='ocrx_word' id='word_1_244' title='bbox 1497 4478 1571 4529; x_wconf 91' lang='lat' dir='ltr'>non</span> 
     </span>
     <span class='ocr_line' id='line_1_29' title="bbox 237 4561 1572 4670; baseline -0.004 -23"><span class='ocrx_word' id='word_1_245' title='bbox 237 4571 492 4670; x_wconf 87' lang='lat' dir='ltr'>perturbantes</span> <span class='ocrx_word' id='word_1_246' title='bbox 520 4589 646 4664; x_wconf 86' lang='lat' dir='ltr'>pacem</span> <span class='ocrx_word' id='word_1_247' title='bbox 675 4589 740 4662; x_wconf 85' lang='lat' dir='ltr'>per</span> <span class='ocrx_word' id='word_1_248' title='bbox 765 4565 901 4658; x_wconf 87' lang='lat' dir='ltr'>aliquos</span> <span class='ocrx_word' id='word_1_249' title='bbox 928 4563 1071 4636; x_wconf 87' lang='lat' dir='ltr'>fraudes</span> <span class='ocrx_word' id='word_1_250' title='bbox 1096 4563 1179 4635; x_wconf 84' lang='lat' dir='ltr'>odia</span> <span class='ocrx_word' id='word_1_251' title='bbox 1200 4561 1260 4636; x_wconf 80' lang='lat' dir='ltr'>rel</span> <span class='ocrx_word' id='word_1_252' title='bbox 1288 4565 1572 4642; x_wconf 86' lang='lat' dir='ltr'>machinationes</span> 
     </span>
    </p>
   </div>
   <div class='ocr_carea' id='block_1_9' title="bbox 0 0 2030 5534">
    <p class='ocr_par' dir='ltr' id='par_1_9' title="bbox 0 0 2030 5534">
     <span class='ocr_line' id='line_1_30' title="bbox 0 0 2030 5534; baseline 0 1"><span class='ocrx_word' id='word_1_253' title='bbox 0 0 2030 5534; x_wconf 95' lang='lat' dir='ltr'> </span> 
     </span>
    </p>
   </div>
  </div>
 </body>
</html>
