4050 5534
425 639 471 710 eo
779 589 783 597 ’
942 623 1250 700 asersunnsr
1616 628 1766 724 [secun

425 838 720 903 ornamentorum
732 822 882 900 ecclesus
894 824 1158 898 conuertendos
1174 824 1278 899 iuxta
1290 826 1555 900 ordinationem
1567 827 1716 924 capituli
1730 839 1768 900 ct

427 943 558 1016 clerico
574 939 725 1034 capituli
742 963 807 1034 pro
822 936 885 1011 suo
902 938 1024 1010 labore
1041 937 1233 1010 duodecim
1250 939 1414 1012 denarios
1431 947 1470 1012 et
1487 940 1599 1011 nichil
1616 941 1768 1034 amplius

394 1047 400 1073 ⁸
426 1079 492 1150 per
503 1076 755 1147 quemcunque
768 1052 938 1147 exigetur
953 1048 1015 1122 seu
1029 1051 1224 1144 recipietur
1236 1053 1348 1124 etiam
1362 1048 1388 1123 fi
1402 1048 1448 1123 fit
1460 1054 1575 1148 gratis
1588 1053 1768 1126 oblatum·

427 1192 495 1240 nec
512 1163 578 1262 ipss
595 1167 754 1238 decanus
771 1175 810 1237 ct
826 1164 1030 1258 capitulum
1046 1172 1111 1235 aut
1127 1185 1252 1234 eorum
1265 1161 1477 1238 successores
1491 1163 1626 1259 aliquid
1640 1167 1769 1238 exinde

430 1282 579 1375 exigent
604 1277 666 1350 seu
694 1278 872 1371 recipient
901 1277 940 1348 in
969 1276 1133 1348 futurum
1166 1275 1260 1348 vltra
1285 1273 1459 1350 summam
1485 1276 1646 1372 superins
1672 1289 1771 1352 taxa·

430 1404 508 1466 tam
525 1389 590 1463 sub
617 1413 713 1485 pena
736 1389 1122 1462 excommunicationis
1147 1391 1292 1462 maioris
1317 1389 1501 1462 sentencie
1526 1391 1600 1462 late
1620 1387 1771 1486 fingule-

430 1507 520 1576 riter
545 1505 581 1574 io
608 1499 768 1597 fingulos
784 1524 806 1574 a
822 1523 894 1593 qua
917 1507 1101 1593 nequeant
1127 1509 1358 1596 preterquam
1374 1525 1396 1574 a
1413 1503 1578 1574 Romano
1603 1505 1771 1598 pontifice

430 1614 567 1691 absolui
584 1611 651 1686 nisr
667 1612 904 1686 satiffat’cione
931 1609 1095 1707 premissa
1112 1621 1151 1684 et
1168 1615 1206 1684 in
1222 1616 1350 1686 mortis
1376 1614 1529 1688 articulo
1556 1616 1746 1689 dumtaxat
1763 1658 1771 1674 ·

430 1740 468 1802 et
496 1727 751 1800 nichilominus
779 1725 1011 1798 concedimus
1037 1721 1063 1796 sr
1089 1727 1277 1822 contingat
1303 1727 1460 1820 aliquem
1481 1728 1540 1800 vel
1566 1727 1704 1822 aliquos
1729 1730 1772 1802 de

429 1841 591 1935 superius
608 1834 815 1932 expressatis
831 1835 990 1931 personis
1007 1833 1195 1910 intestatos
1209 1838 1383 1912 decedere
1397 1841 1494 1933 quod
1511 1835 1602 1912 absit
1614 1842 1711 1934 qnod
1728 1865 1774 1914 ex

430 1964 518 2027 tunc
536 1954 630 2026 infra
646 1953 775 2048 viginti
792 1950 932 2022 dierum
955 1947 1111 2044 spatium
1130 1951 1201 2022 duo
1222 1951 1267 2022 de
1284 1948 1557 2043 consanguineis
1573 1950 1635 2024 seu
1652 1955 1776 2025 amicis

431 2066 639 2139 decedentis
670 2063 815 2158 elegant
842 2061 931 2134 duas
960 2059 1128 2156 personas
1157 2073 1220 2136 aut
1248 2085 1355 2136 vnam
1386 2064 1431 2136 sd
1461 2065 1581 2135 minus
1607 2087 1694 2158 quas
1718 2065 1775 2138 vel

430 2202 539 2272 quam
564 2174 771 2271 presentare
798 2175 1024 2247 tenebuntur
1041 2175 1177 2250 decano
1203 2186 1243 2248 et
1268 2175 1429 2270 capitulo
1447 2187 1485 2248 et
1507 2178 1545 2246 in
1563 2176 1689 2248 decani
1715 2179 1777 2250 ah-

431 2291 552 2364 sencia
576 2290 704 2361 maiori
727 2285 932 2382 presedenti
953 2297 992 2360 et
1015 2288 1174 2381 capitulo
1193 2310 1346 2360 unacum
1372 2289 1576 2360 inuentario
1602 2289 1778 2362 bonorum

431 2405 592 2476 defuncti
610 2424 699 2496 quas
723 2397 892 2494 personas
916 2410 982 2472 aut
1006 2398 1195 2494 personam
1212 2395 1288 2472 fine
1311 2401 1594 2474 contradidione
1609 2399 1671 2472 scu
1689 2403 1779 2474 dila·

431 2518 532 2587 tione
562 2513 775 2586 confirmare
808 2512 1033 2584 tenebuntur
1065 2510 1236 2584 soluendo
1269 2535 1334 2606 pro
1364 2513 1637 2586 confirmatione
1670 2525 1778 2608 prout

433 2624 593 2721 superius
623 2621 677 2698 cst
706 2620 907 2718 expressum
938 2633 977 2696 et
1006 2625 1119 2696 nichil
1149 2623 1303 2718 amplius
1329 2627 1478 2720 exigent
1508 2626 1779 2700 confirmatores

433 2760 650 2832 quocunque
683 2736 794 2809 titulo
818 2736 977 2808 colorato
1010 2735 1077 2808 sub
1099 2760 1193 2832 pena
1216 2739 1599 2810 excommunicationis
1633 2741 1779 2812 maioris

432 2850 616 2924 sentencie
634 2849 708 2921 late
725 2850 763 2920 in
781 2851 1000 2921 contrarium
1018 2849 1193 2922 facientes
1207 2859 1245 2922 et
1262 2873 1283 2920 a
1301 2872 1372 2943 qua
1388 2872 1461 2920 non
1479 2847 1622 2944 potsunt
1639 2852 1779 2925 absolui

432 2960 499 3035 nifi
512 2973 552 3033 vt
564 2959 769 3056 premissum
784 2957 838 3033 est
851 3001 860 3019 ·
872 2963 1128 3055 promittentes
1139 2986 1204 3057 pro
1218 2962 1321 3034 nobis
1335 2970 1372 3033 et
1383 2959 1512 3034 nostris
1525 2961 1779 3038 successoribus

432 3079 470 3148 in
488 3076 597 3147 verbo
614 3073 814 3168 pontificali
831 3083 958 3145 contra
973 3069 1137 3167 premissa
1153 3072 1214 3146 seu
1232 3073 1376 3167 aliquod
1402 3069 1648 3170 premissorum
1664 3101 1781 3150 nnnc-

432 3210 541 3280 quam
567 3188 818 3258 contrauenire
843 3195 907 3258 ant
932 3187 1050 3258 facere
1076 3186 1221 3280 publice
1238 3186 1298 3258 vel
1322 3187 1465 3259 occulte
1488 3187 1622 3261 diretie
1639 3189 1695 3262 vel
1721 3193 1782 3261 in·

432 3301 566 3372 diretta
583 3293 847 3392 quouisqnesrto
874 3297 994 3370 colore
1010 3310 1075 3371 aut
1092 3300 1237 3394 ingenio
1255 3296 1316 3370 seu
1335 3321 1396 3370 eos
1413 3308 1477 3371 aut
1494 3323 1619 3372 eornm
1642 3300 1782 3374 succes·

433 3408 528 3483 sores
547 3408 698 3504 desuper
714 3432 846 3482 vexare
870 3419 935 3482 aut
955 3412 1157 3505 inquietare
1175 3409 1236 3483 scd
1254 3435 1296 3484 ea
1314 3413 1435 3485 omnia
1451 3419 1489 3484 et
1505 3407 1644 3508 singula
1667 3427 1782 3508 prout

433 3524 479 3596 ad
505 3545 571 3594 nos
592 3545 640 3594 ex
662 3521 777 3594 officio
802 3517 922 3594 nostro
947 3521 1115 3615 pastorali
1139 3521 1298 3618 spectare
1323 3519 1520 3596 dinoscitur
1545 3526 1583 3596 in
1609 3527 1782 3602 omnibus

432 3633 504 3708 suis
520 3636 663 3730 pandis
680 3644 719 3706 et
735 3634 896 3706 articulis
913 3636 1029 3706 forme
1045 3636 1180 3728 pariter
1196 3645 1234 3706 et
1252 3633 1381 3706 effestn
1404 3644 1641 3709 manutenere
1659 3649 1696 3710 et
1713 3640 1784 3711 de-

432 3749 613 3820 fondere·
639 3757 678 3819 et
707 3747 776 3819 hoc
803 3748 969 3818 omnibus
1001 3770 1153 3839 quorum
1185 3743 1334 3820 interest
1359 3747 1417 3819 vel
1447 3746 1612 3821 interesse
1641 3755 1782 3844 poterit

432 3870 561 3932 notum
586 3861 738 3932 facimus
762 3882 828 3952 per
851 3857 1035 3953 presentes
1051 3859 1181 3951 quibus
1201 3861 1239 3930 in
1256 3857 1501 3954 premissorum
1527 3858 1781 3938 testimonium

431 3983 542 4066 atque
554 3973 664 4043 fidem
677 3966 832 4065 sigillum
850 3966 1010 4042 nostrum
1029 3973 1272 4046 audenticum
1287 3995 1439 4043 vnacum
1458 3968 1572 4068 figillo
1590 3981 1780 4050 communi

431 4085 582 4180 capituli
612 4081 723 4155 nostri
753 4107 836 4156 cum
864 4081 1123 4176 subscriptione
1152 4087 1405 4158 canonicorum
1435 4095 1524 4159 tunc
1553 4087 1781 4180 presentium

432 4199 564 4293 apponi
589 4192 749 4267 iuffimus
775 4205 814 4268 et
836 4196 988 4266 fecimus
1013 4196 1108 4289 apud
1134 4193 1321 4269 occlefiam
1347 4193 1502 4269 nostram
1528 4200 1780 4275 cathedralem

431 4311 693 4382 decimonono
719 4309 778 4379 die
803 4302 934 4378 mensis
955 4307 1085 4402 Marcij
1103 4331 1198 4380 anno
1216 4307 1364 4380 Domini
1391 4306 1581 4382 millesrmo
1606 4315 1781 4404 quadrin-

429 4416 628 4517 gentefimo
645 4416 861 4514 sexagesrmo
878 4421 994 4512 primo
1007 4420 1046 4489 in
1059 4421 1337 4518 congregatione
1354 4418 1475 4494 nostra
1489 4424 1649 4518 generali
1666 4449 1781 4500 cano-

431 4533 594 4608 nicorum
610 4526 759 4604 ecclesie
776 4527 896 4604 nostre
912 4531 1093 4604 antediste
1110 4569 1119 4589 ·
