4050 5534
437 635 510 702 288
953 619 1259 698 REGISTRUM
1622 625 1773 721 [secum

437 827 621 899 habendos
645 825 758 897 dictos
774 845 912 896 annuoa
934 822 1096 896 redditus
1113 829 1196 894 cum
1223 823 1454 916 pertinencijs
1470 824 1566 896 dieo
1582 823 1604 896 J
1608 827 1720 898 acobo
1737 838 1774 898 et

439 938 631 1010 heredibus
653 932 725 1008 suis
742 939 787 1009 de
804 937 907 1008 nobis
923 945 963 1008 et
978 935 1171 1006 heredibus
1196 933 1324 1008 nostrie
1341 938 1378 1006 in
1396 937 1502 1008 feodo
1519 947 1558 1008 et
1574 937 1778 1010 hereditate

438 1052 708 1144 inperpetuum
734 1050 825 1121 adeo
842 1047 955 1119 libere
971 1058 1010 1119 et
1027 1048 1150 1140 quiete
1170 1047 1330 1141 plenarie
1353 1049 1495 1144 integre
1521 1058 1559 1121 et
1584 1050 1776 1122 honorilice

438 1163 533 1234 hene
556 1163 654 1232 etin
677 1183 767 1253 pace
789 1163 826 1232 in
851 1160 1018 1231 omnibus
1046 1168 1085 1230 et
1112 1179 1176 1252 per
1202 1160 1324 1230 omnia
1348 1155 1440 1231 srcut
1463 1161 1577 1232 didus
1602 1161 1776 1234 Ricardus

439 1275 553 1354 ditior
572 1294 710 1345 annuos
734 1273 897 1344 redditus
916 1294 1001 1344 cum
1026 1271 1258 1364 pertinenoije
1284 1271 1330 1342 de
1355 1272 1459 1342 uobis
1475 1280 1514 1343 at
1530 1269 1777 1365 predecessori·

440 1387 507 1456 bus
524 1382 653 1456 nostris
669 1393 757 1456 ante
773 1385 906 1456 dictam
928 1377 1204 1477 resignationem
1223 1384 1325 1456 nobie
1348 1385 1478 1456 sacam
1496 1383 1642 1456 liberius
1659 1386 1778 1456 tenuit

440 1497 501 1569 seu
518 1494 669 1592 possedit
686 1494 806 1567 ·saluo
827 1495 978 1568 seruioio
994 1491 1116 1566 nostro
1133 1535 1141 1553 ·
1160 1493 1205 1568 In
1224 1497 1326 1568 cuiue
1351 1498 1403 1568 rei
1428 1493 1673 1596 testimonium
1699 1519 1779 1594 prc-

441 1607 533 1681 senti
550 1617 650 1681 carte
672 1605 792 1681 nostre
817 1606 980 1680 nostrum
1005 1608 1230 1701 precepimus
1257 1609 1388 1702 apponi
1413 1602 1569 1702 sigillum
1588 1648 1596 1664 ·
1615 1605 1777 1680 Testibue

440 1722 704 1794 venerabilibus
717 1725 755 1794 in
769 1717 911 1794 Christo
921 1721 1083 1815 patribus
1095 1719 1263 1792 Waltero
1276 1729 1315 1791 at
1328 1718 1481 1792 Matheo
1494 1717 1620 1790 Sancti
1630 1712 1778 1791 Andree

441 1845 480 1906 et
496 1831 725 1928 Glasguenfia
751 1829 980 1907 ecclesiarum
1008 1829 1182 1926 episcopis
1199 1869 1207 1888 ·
1226 1829 1388 1904 Roberto
1415 1831 1548 1902 comite
1574 1829 1620 1902 de
1645 1829 1718 1924 Fyf
1738 1840 1777 1902 et

439 1946 484 2017 de
501 1945 675 2018 Menteth
693 1948 805 2020 fratre
821 1941 941 2017 nostro
958 1939 1133 2017 cariffimo
1147 1943 1391 2016 ·A1·chibaldo
1408 1943 1542 2014 comite
1556 1943 1602 2014 de
1616 1941 1775 2038 Douglas

439 2058 584 2128 domino
615 2057 792 2130 Galwidie
827 2056 1005 2130 ·Jaoobo
1039 2056 1084 2130 de
1119 2054 1280 2150 Douglas
1314 2056 1459 2127 domino
1497 2054 1543 2126 de
1577 2053 1773 2128 Dalketh·

438 2169 577 2241 Thema
600 2171 646 2241 de
670 2168 834 2265 Erllryne
852 2210 861 2228 ·
879 2167 1153 2263 consangnineis
1176 2162 1304 2239 nostris
1334 2166 1473 2240 diletis
1499 2165 1676 2238 militibus
1701 2205 1710 2226 ·
1737 2179 1774 2240 et

438 2279 650 2353 Alexandro
663 2274 716 2353 =de
733 2282 908 2354 Cokburn
924 2281 970 2352 de
988 2278 1179 2375 Langtone
1203 2275 1350 2352 custode
1376 2281 1497 2374 magni
1517 2275 1622 2373 sigilli
1640 2276 1746 2351 nostri
1763 2319 1773 2336 ·

438 2393 550 2486 Apud
581 2392 691 2466 Parth
718 2394 930 2466 duodecimo
957 2392 1016 2464 die
1039 2389 1171 2466 manlia
1189 2391 1408 2464 Nouembris
1426 2415 1520 2464 anno
1538 2393 1638 2487 regni
1665 2391 1774 2464 nostri

279 2582 283 2591 ,
436 2507 590 2598 quinto·

438 2841 638 2914 Concordia
655 2844 752 2914 inter
776 2843 946 2914 abbatem
970 2843 1017 2914 de
1043 2839 1220 2914 Kelohow
1238 2855 1277 2914 et
1301 2843 1430 2915 fratrea
1455 2805 1770 2916 derosolomitanoa

437 2951 543 3048 super
559 2957 664 3026 terris
681 2954 727 3025 de
744 2953 899 3048 Oultyr·

440 3157 542 3253 Hoc
559 3176 612 3250 est
629 3175 894 3272 transumptum
911 3173 986 3251 siue
1011 3181 1115 3274 copia
1131 3177 1313 3251 cuiusdam
1331 3180 1505 3252 tractatus
1522 3189 1560 3251 et
1577 3181 1772 3252 amicabilis

437 3291 627 3365 concordie
660 3293 754 3378 inite
787 3289 880 3363 facte
919 3301 959 3362 et
995 3293 1211 3364 concordate
1244 3293 1339 3363 inter
1375 3289 1556 3387 religiosos
1593 3295 1687 3364 viros
1712 3294 1773 3366 ab·

437 3405 560 3477 batem
602 3413 640 3474 et
675 3412 897 3475 conuentum
936 3400 1141 3498 monasterii
1185 3405 1231 3476 de
1264 3401 1440 3476 Kelchow
1480 3405 1526 3476 ab
1568 3427 1638 3477 vna
1670 3417 1773 3499 parte

438 3527 476 3587 at
510 3511 721 3610 magistrum
750 3526 789 3586 et
814 3515 943 3587 fratrea
968 3515 1099 3588 militie
1128 3516 1255 3610 templi
1279 3514 1560 3610 Jerosolimitani
1585 3517 1623 3587 in
1651 3515 1773 3589 Soet-ia

437 3651 485 3698 ex
501 3626 617 3699 altera
632 3627 736 3698 cuius
751 3637 858 3696 tenor
869 3625 1029 3720 sequitur
1042 3639 1080 3699 et
1097 3623 1150 3700 est
1163 3627 1247 3700 talia
1260 3665 1268 3684 ·
1280 3626 1559 3700 Memoraudum
1577 3629 1672 3721 quod
1690 3651 1773 3700 cum

437 3761 556 3811 coram
574 3738 620 3809 de
637 3736 825 3810 Jedworth
851 3739 952 3810 etde
977 3739 1110 3812 Sanda
1126 3739 1243 3812 Cruoe
1260 3736 1555 3812 monasteriorum
1581 3741 1772 3814 abhatibus

437 3851 615 3924 iudicibus
649 3846 779 3923 asede
811 3846 1005 3943 apostolica
1034 3850 1208 3948 delegatis
1242 3864 1280 3923 et
1308 3873 1430 3924 eorum
1457 3848 1698 3946 oommiffarijs
1731 3876 1773 3924 ac

435 3965 582 4035 demum
608 3983 727 4033 coram
753 3957 936 4055 subpriore
958 3973 997 4035 et
1022 3961 1165 4037 sacrista
1186 3963 1231 4036 da
1255 3964 1438 4058 Driburgh
1466 3964 1661 4036 eorundem
1677 3987 1775 4036 com·

435 4071 597 4167 missarija
616 4071 781 4146 totaliter
804 4085 843 4144 et
868 4073 906 4145 in
931 4073 1082 4146 solidum
1108 4071 1227 4146 fuisset
1245 4071 1382 4168 questio
1404 4075 1611 4168 aliquandiu
1636 4077 1775 4170 agitata

434 4189 531 4258 inter
547 4187 641 4256 viros
657 4180 839 4279 religiosos
856 4185 1026 4258 abbatem
1044 4201 1082 4258 et
1099 4198 1321 4259 conuentum
1338 4183 1539 4280 monasterij
1557 4188 1604 4258 de
1621 4187 1774 4261 Kelcow

434 4301 570 4371 actores
587 4320 633 4367 ex
650 4307 753 4390 parte
766 4318 838 4366 vna
854 4307 893 4367 et
909 4295 1118 4394 magistrum
1142 4309 1180 4370 et
1196 4299 1325 4371 fratrea
1341 4298 1471 4371 militie
1488 4299 1616 4394 templi
1632 4298 1774 4372 Jeroso-

433 4410 589 4481 limitani
605 4411 643 4478 in
662 4407 787 4479 Scotia
803 4430 883 4478 reos
905 4428 953 4480 ex
975 4411 1090 4483 altera
1106 4419 1209 4506 parte
1226 4410 1330 4505 super
1346 4412 1485 4506 capella
1501 4411 1629 4484 domus
1645 4411 1774 4505 templi

433 4522 479 4592 de
496 4520 624 4592 Cultre
642 4515 1077 4596 Aberdonensia..dioccs1a
1094 4545 1202 4616 quam
1218 4523 1303 4596 dicti
1321 4525 1430 4597 abbae
1441 4535 1485 4598 vet
1508 4535 1710 4598 conuentus
1727 4526 1773 4596 de
