<?xml version="1.0" encoding="UTF-8"?>
<!DOCTYPE html PUBLIC "-//W3C//DTD XHTML 1.0 Transitional//EN"
    "http://www.w3.org/TR/xhtml1/DTD/xhtml1-transitional.dtd">
<html xmlns="http://www.w3.org/1999/xhtml" xml:lang="en" lang="en">
 <head>
  <title>
</title>
<meta http-equiv="Content-Type" content="text/html;charset=utf-8" />
  <meta name='ocr-system' content='tesseract 3.04.00' />
  <meta name='ocr-capabilities' content='ocr_page ocr_carea ocr_par ocr_line ocrx_word'/>
</head>
<body>
  <div class='ocr_page' id='page_1' title='image "./registrumepisco02innegoog_0251.png"; bbox 0 0 4050 5534; ppageno 0'>
   <div class='ocr_carea' id='block_1_1' title="bbox 101 645 1567 743">
    <p class='ocr_par' dir='ltr' id='par_1_1' title="bbox 101 645 1567 743">
     <span class='ocr_line' id='line_1_1' title="bbox 101 645 1567 743; baseline 0.003 -22"><span class='ocrx_word' id='word_1_1' title='bbox 101 662 104 669; x_wconf 95' lang='lat'>·</span> <span class='ocrx_word' id='word_1_2' title='bbox 234 647 334 743; x_wconf 58' lang='lat' dir='ltr'><strong>xvc]</strong></span> <span class='ocrx_word' id='word_1_3' title='bbox 700 645 1102 722; x_wconf 74' lang='lat' dir='ltr'><strong>auunnouuusu.</strong></span> <span class='ocrx_word' id='word_1_4' title='bbox 1366 689 1368 692; x_wconf 93' lang='lat'>-</span> <span class='ocrx_word' id='word_1_5' title='bbox 1498 660 1567 734; x_wconf 81' lang='lat'><strong>173</strong></span> 
     </span>
    </p>
   </div>
   <div class='ocr_carea' id='block_1_2' title="bbox 231 848 1567 4313">
    <p class='ocr_par' dir='ltr' id='par_1_2' title="bbox 231 848 1567 4313">
     <span class='ocr_line' id='line_1_2' title="bbox 236 848 1564 949; baseline 0.003 -28"><span class='ocrx_word' id='word_1_6' title='bbox 236 851 335 921; x_wconf 85' lang='lat' dir='ltr'><strong>Pixis</strong></span> <span class='ocrx_word' id='word_1_7' title='bbox 352 850 510 922; x_wconf 88' lang='lat' dir='ltr'><strong>eburnea</strong></span> <span class='ocrx_word' id='word_1_8' title='bbox 530 850 766 944; x_wconf 85' lang='lat' dir='ltr'><strong>deargentata</strong></span> <span class='ocrx_word' id='word_1_9' title='bbox 779 889 787 906; x_wconf 94' lang='lat'><strong>·</strong></span> <span class='ocrx_word' id='word_1_10' title='bbox 799 848 917 921; x_wconf 88' lang='lat' dir='ltr'><strong>Parua</strong></span> <span class='ocrx_word' id='word_1_11' title='bbox 926 872 1055 947; x_wconf 88' lang='lat' dir='ltr'><strong>ymago</strong></span> <span class='ocrx_word' id='word_1_12' title='bbox 1068 850 1228 923; x_wconf 84' lang='lat' dir='ltr'><strong>crucifixi</strong></span> <span class='ocrx_word' id='word_1_13' title='bbox 1241 851 1412 949; x_wconf 87' lang='lat' dir='ltr'><strong>flagellati</strong></span> <span class='ocrx_word' id='word_1_14' title='bbox 1425 857 1564 949; x_wconf 83' lang='lat' dir='ltr'>argenti</span> 
     </span>
     <span class='ocr_line' id='line_1_3' title="bbox 234 957 1566 1059; baseline 0.002 -26"><span class='ocrx_word' id='word_1_15' title='bbox 234 965 434 1057; x_wconf 67' lang='lat' dir='ltr'><strong>margaritis</strong></span> <span class='ocrx_word' id='word_1_16' title='bbox 459 959 664 1055; x_wconf 87' lang='lat' dir='ltr'><strong>insculpta·</strong></span> <span class='ocrx_word' id='word_1_17' title='bbox 692 957 777 1031; x_wconf 90' lang='lat' dir='ltr'><strong>Due</strong></span> <span class='ocrx_word' id='word_1_18' title='bbox 802 982 932 1033; x_wconf 91' lang='lat' dir='ltr'><strong>corone</strong></span> <span class='ocrx_word' id='word_1_19' title='bbox 957 972 1146 1059; x_wconf 82' lang='lat' dir='ltr'><strong>argentata</strong></span> <span class='ocrx_word' id='word_1_20' title='bbox 1170 986 1234 1057; x_wconf 92' lang='lat' dir='ltr'><strong>pro</strong></span> <span class='ocrx_word' id='word_1_21' title='bbox 1251 964 1336 1037; x_wconf 86' lang='lat' dir='ltr'><strong>diua</strong></span> <span class='ocrx_word' id='word_1_22' title='bbox 1360 964 1500 1058; x_wconf 87' lang='lat' dir='ltr'><strong>virgine</strong></span> <span class='ocrx_word' id='word_1_23' title='bbox 1527 977 1566 1036; x_wconf 88' lang='lat' dir='ltr'><strong>et</strong></span> 
     </span>
     <span class='ocr_line' id='line_1_4' title="bbox 233 1068 1566 1169; baseline 0.003 -26"><span class='ocrx_word' id='word_1_24' title='bbox 233 1074 258 1143; x_wconf 87' lang='lat' dir='ltr'><strong>J</strong></span> <span class='ocrx_word' id='word_1_25' title='bbox 260 1072 324 1146; x_wconf 88' lang='lat' dir='ltr'><strong>esc</strong></span> <span class='ocrx_word' id='word_1_26' title='bbox 332 1073 483 1169; x_wconf 87' lang='lat' dir='ltr'><strong>paruulo</strong></span> <span class='ocrx_word' id='word_1_27' title='bbox 498 1073 669 1145; x_wconf 72' lang='lat' dir='ltr'><strong>eineiilio</strong></span> <span class='ocrx_word' id='word_1_28' title='bbox 685 1094 769 1145; x_wconf 89' lang='lat' dir='ltr'><strong>cum</strong></span> <span class='ocrx_word' id='word_1_29' title='bbox 786 1068 997 1166; x_wconf 87' lang='lat' dir='ltr'><strong>quibusdam</strong></span> <span class='ocrx_word' id='word_1_30' title='bbox 1013 1077 1052 1146; x_wconf 94' lang='lat' dir='ltr'><strong>in</strong></span> <span class='ocrx_word' id='word_1_31' title='bbox 1065 1072 1198 1147; x_wconf 85' lang='lat' dir='ltr'><strong>eisdem</strong></span> <span class='ocrx_word' id='word_1_32' title='bbox 1214 1072 1381 1169; x_wconf 79' lang='lat' dir='ltr'><strong>preciosus</strong></span> <span class='ocrx_word' id='word_1_33' title='bbox 1393 1077 1566 1149; x_wconf 80' lang='lat' dir='ltr'><strong>vt&#39;iertur</strong></span> 
     </span>
     <span class='ocr_line' id='line_1_5' title="bbox 235 1182 1567 1281; baseline 0.001 -22"><span class='ocrx_word' id='word_1_34' title='bbox 235 1187 412 1281; x_wconf 74' lang='lat' dir='ltr'><strong>lapidibus</strong></span> <span class='ocrx_word' id='word_1_35' title='bbox 424 1228 432 1244; x_wconf 93' lang='lat'><strong>·</strong></span> <span class='ocrx_word' id='word_1_36' title='bbox 444 1186 616 1279; x_wconf 78' lang='lat' dir='ltr'><strong>Quinque</strong></span> <span class='ocrx_word' id='word_1_37' title='bbox 626 1182 804 1257; x_wconf 88' lang='lat' dir='ltr'><strong>bnrseseu</strong></span> <span class='ocrx_word' id='word_1_38' title='bbox 815 1184 993 1279; x_wconf 86' lang='lat' dir='ltr'><strong>marsupia</strong></span> <span class='ocrx_word' id='word_1_39' title='bbox 1004 1210 1052 1258; x_wconf 82' lang='lat' dir='ltr'><strong>ex</strong></span> <span class='ocrx_word' id='word_1_40' title='bbox 1065 1210 1151 1259; x_wconf 88' lang='lat' dir='ltr'><strong>auro</strong></span> <span class='ocrx_word' id='word_1_41' title='bbox 1165 1194 1338 1260; x_wconf 89' lang='lat' dir='ltr'><strong>contexte</strong></span> <span class='ocrx_word' id='word_1_42' title='bbox 1345 1209 1411 1281; x_wconf 89' lang='lat' dir='ltr'><strong>pro</strong></span> <span class='ocrx_word' id='word_1_43' title='bbox 1428 1188 1567 1260; x_wconf 85' lang='lat' dir='ltr'><strong>conser-</strong></span> 
     </span>
     <span class='ocr_line' id='line_1_6' title="bbox 233 1296 1566 1394; baseline 0.003 -27"><span class='ocrx_word' id='word_1_44' title='bbox 233 1302 378 1371; x_wconf 76' lang='lat' dir='ltr'><strong>vatione</strong></span> <span class='ocrx_word' id='word_1_45' title='bbox 388 1299 619 1391; x_wconf 87' lang='lat' dir='ltr'><strong>reliquicrnm</strong></span> <span class='ocrx_word' id='word_1_46' title='bbox 631 1298 807 1391; x_wconf 87' lang='lat' dir='ltr'><strong>deputate</strong></span> <span class='ocrx_word' id='word_1_47' title='bbox 817 1337 826 1354; x_wconf 91' lang='lat'><strong>·</strong></span> <span class='ocrx_word' id='word_1_48' title='bbox 838 1296 1134 1393; x_wconf 86' lang='lat' dir='ltr'><strong>Quctnorphiole</strong></span> <span class='ocrx_word' id='word_1_49' title='bbox 1145 1301 1284 1394; x_wconf 88' lang='lat' dir='ltr'><strong>argenti</strong></span> <span class='ocrx_word' id='word_1_50' title='bbox 1295 1322 1359 1393; x_wconf 93' lang='lat' dir='ltr'><strong>pro</strong></span> <span class='ocrx_word' id='word_1_51' title='bbox 1370 1297 1566 1372; x_wconf 90' lang='lat' dir='ltr'><strong>ministerio</strong></span> 
     </span>
     <span class='ocr_line' id='line_1_7' title="bbox 234 1406 1566 1507; baseline 0 -24"><span class='ocrx_word' id='word_1_52' title='bbox 234 1414 352 1507; x_wconf 88' lang='lat' dir='ltr'><strong>magni</strong></span> <span class='ocrx_word' id='word_1_53' title='bbox 366 1411 643 1503; x_wconf 79' lang='lat' dir='ltr'><strong>altarisquarum</strong></span> <span class='ocrx_word' id='word_1_54' title='bbox 651 1406 1130 1503; x_wconf 86' lang='lat' dir='ltr'><strong>vnideestcooperimentum</strong></span> <span class='ocrx_word' id='word_1_55' title='bbox 1144 1411 1248 1483; x_wconf 80' lang='lat' dir='ltr'><strong>·&#39;l&#39;res</strong></span> <span class='ocrx_word' id='word_1_56' title='bbox 1258 1409 1416 1505; x_wconf 87' lang='lat' dir='ltr'><strong>ampulle</strong></span> <span class='ocrx_word' id='word_1_57' title='bbox 1426 1415 1566 1507; x_wconf 83' lang='lat' dir='ltr'><strong>argenti</strong></span> 
     </span>
     <span class='ocr_line' id='line_1_8' title="bbox 231 1519 1567 1617; baseline -0.001 -22"><span class='ocrx_word' id='word_1_58' title='bbox 231 1546 296 1617; x_wconf 90' lang='lat' dir='ltr'><strong>pro</strong></span> <span class='ocrx_word' id='word_1_59' title='bbox 303 1519 951 1595; x_wconf 75' lang='lat' dir='ltr'><strong>oonsemationecrismatisoleisanut</strong></span> <span class='ocrx_word' id='word_1_60' title='bbox 962 1522 1226 1595; x_wconf 83' lang='lat' dir='ltr'><strong>etinfirmorum</strong></span> <span class='ocrx_word' id='word_1_61' title='bbox 1236 1544 1388 1617; x_wconf 87' lang='lat' dir='ltr'><strong>quarum</strong></span> <span class='ocrx_word' id='word_1_62' title='bbox 1398 1519 1567 1595; x_wconf 83' lang='lat' dir='ltr'><strong>masimi-</strong></span> 
     </span>
     <span class='ocr_line' id='line_1_9' title="bbox 233 1632 1564 1731; baseline 0 -25"><span class='ocrx_word' id='word_1_63' title='bbox 233 1636 316 1707; x_wconf 90' lang='lat' dir='ltr'><strong>liter</strong></span> <span class='ocrx_word' id='word_1_64' title='bbox 332 1643 431 1707; x_wconf 90' lang='lat' dir='ltr'><strong>caret</strong></span> <span class='ocrx_word' id='word_1_65' title='bbox 443 1634 712 1728; x_wconf 86' lang='lat' dir='ltr'><strong>cooperimento</strong></span> <span class='ocrx_word' id='word_1_66' title='bbox 731 1672 739 1690; x_wconf 93' lang='lat'><strong>·</strong></span> <span class='ocrx_word' id='word_1_67' title='bbox 759 1632 877 1705; x_wconf 82' lang='lat' dir='ltr'><strong>Poma</strong></span> <span class='ocrx_word' id='word_1_68' title='bbox 893 1656 1021 1730; x_wconf 90' lang='lat' dir='ltr'><strong>ymago</strong></span> <span class='ocrx_word' id='word_1_69' title='bbox 1034 1636 1131 1706; x_wconf 87' lang='lat' dir='ltr'><strong>beati</strong></span> <span class='ocrx_word' id='word_1_70' title='bbox 1148 1634 1257 1708; x_wconf 88' lang='lat' dir='ltr'><strong>Olaui</strong></span> <span class='ocrx_word' id='word_1_71' title='bbox 1269 1637 1410 1731; x_wconf 78' lang='lat' dir='ltr'><strong>argenti</strong></span> <span class='ocrx_word' id='word_1_72' title='bbox 1427 1634 1564 1730; x_wconf 84' lang='lat' dir='ltr'><strong>septem</strong></span> 
     </span>
     <span class='ocr_line' id='line_1_10' title="bbox 233 1742 1566 1841; baseline -0.001 -21"><span class='ocrx_word' id='word_1_73' title='bbox 233 1748 401 1820; x_wconf 86' lang='lat' dir='ltr'><strong>decorata</strong></span> <span class='ocrx_word' id='word_1_74' title='bbox 415 1742 582 1841; x_wconf 78' lang='lat' dir='ltr'><strong>preciosis</strong></span> <span class='ocrx_word' id='word_1_75' title='bbox 606 1744 790 1839; x_wconf 70' lang='lat' dir='ltr'><strong>lapidibus</strong></span> <span class='ocrx_word' id='word_1_76' title='bbox 813 1785 821 1801; x_wconf 92' lang='lat'><strong>·</strong></span> <span class='ocrx_word' id='word_1_77' title='bbox 848 1743 933 1817; x_wconf 94' lang='lat' dir='ltr'><strong>Duo</strong></span> <span class='ocrx_word' id='word_1_78' title='bbox 953 1745 1091 1840; x_wconf 87' lang='lat' dir='ltr'><strong>lapidea</strong></span> <span class='ocrx_word' id='word_1_79' title='bbox 1116 1745 1300 1819; x_wconf 82' lang='lat' dir='ltr'><strong>cristallini</strong></span> <span class='ocrx_word' id='word_1_80' title='bbox 1324 1770 1389 1840; x_wconf 90' lang='lat' dir='ltr'><strong>pro</strong></span> <span class='ocrx_word' id='word_1_81' title='bbox 1414 1748 1566 1840; x_wconf 79' lang='lat' dir='ltr'><strong>pedibus</strong></span> 
     </span>
     <span class='ocr_line' id='line_1_11' title="bbox 232 1856 1566 1955; baseline 0.002 -25"><span class='ocrx_word' id='word_1_82' title='bbox 232 1860 438 1955; x_wconf 83' lang='lat' dir='ltr'><strong>ymaginum</strong></span> <span class='ocrx_word' id='word_1_83' title='bbox 452 1899 460 1915; x_wconf 93' lang='lat'><strong>·</strong></span> <span class='ocrx_word' id='word_1_84' title='bbox 479 1856 634 1930; x_wconf 87' lang='lat' dir='ltr'><strong>Scutum</strong></span> <span class='ocrx_word' id='word_1_85' title='bbox 648 1858 788 1953; x_wconf 89' lang='lat' dir='ltr'><strong>argenti</strong></span> <span class='ocrx_word' id='word_1_86' title='bbox 801 1881 884 1929; x_wconf 90' lang='lat' dir='ltr'><strong>cum</strong></span> <span class='ocrx_word' id='word_1_87' title='bbox 897 1859 1124 1954; x_wconf 81' lang='lat' dir='ltr'><strong>ymaginibus</strong></span> <span class='ocrx_word' id='word_1_88' title='bbox 1142 1860 1226 1930; x_wconf 91' lang='lat' dir='ltr'><strong>diue</strong></span> <span class='ocrx_word' id='word_1_89' title='bbox 1239 1859 1354 1931; x_wconf 86' lang='lat' dir='ltr'><strong>crucis</strong></span> <span class='ocrx_word' id='word_1_90' title='bbox 1366 1856 1566 1933; x_wconf 76' lang='lat' dir='ltr'><strong>bcatiffmre</strong></span> 
     </span>
     <span class='ocr_line' id='line_1_12' title="bbox 233 1966 1565 2067; baseline -0.001 -24"><span class='ocrx_word' id='word_1_91' title='bbox 233 1974 380 2067; x_wconf 83' lang='lat' dir='ltr'><strong>virginis</strong></span> <span class='ocrx_word' id='word_1_92' title='bbox 404 1982 443 2044; x_wconf 87' lang='lat' dir='ltr'><strong>et</strong></span> <span class='ocrx_word' id='word_1_93' title='bbox 469 1970 567 2043; x_wconf 91' lang='lat' dir='ltr'><strong>beati</strong></span> <span class='ocrx_word' id='word_1_94' title='bbox 592 1967 769 2041; x_wconf 84' lang='lat' dir='ltr'><strong>Jobanuis</strong></span> <span class='ocrx_word' id='word_1_95' title='bbox 794 1992 859 2064; x_wconf 86' lang='lat' dir='ltr'><strong>pro</strong></span> <span class='ocrx_word' id='word_1_96' title='bbox 877 1971 1071 2044; x_wconf 82' lang='lat' dir='ltr'><strong>collatione</strong></span> <span class='ocrx_word' id='word_1_97' title='bbox 1094 1972 1193 2062; x_wconf 81' lang='lat' dir='ltr'><strong>pacis</strong></span> <span class='ocrx_word' id='word_1_98' title='bbox 1209 1972 1248 2040; x_wconf 92' lang='lat' dir='ltr'><strong>iu</strong></span> <span class='ocrx_word' id='word_1_99' title='bbox 1272 1966 1374 2042; x_wconf 83' lang='lat' dir='ltr'><strong>missa</strong></span> <span class='ocrx_word' id='word_1_100' title='bbox 1398 1992 1446 2043; x_wconf 84' lang='lat' dir='ltr'><strong>ex</strong></span> <span class='ocrx_word' id='word_1_101' title='bbox 1471 1972 1565 2043; x_wconf 92' lang='lat' dir='ltr'><strong>dono</strong></span> 
     </span>
     <span class='ocr_line' id='line_1_13' title="bbox 232 2079 1563 2176; baseline -0.001 -21"><span class='ocrx_word' id='word_1_102' title='bbox 232 2086 326 2156; x_wconf 88' lang='lat' dir='ltr'><strong>bone</strong></span> <span class='ocrx_word' id='word_1_103' title='bbox 343 2084 517 2155; x_wconf 86' lang='lat' dir='ltr'><strong>memorie</strong></span> <span class='ocrx_word' id='word_1_104' title='bbox 533 2106 575 2155; x_wconf 87' lang='lat' dir='ltr'><strong>ac</strong></span> <span class='ocrx_word' id='word_1_105' title='bbox 591 2082 781 2155; x_wconf 75' lang='lat' dir='ltr'><strong>neumandi</strong></span> <span class='ocrx_word' id='word_1_106' title='bbox 794 2084 907 2176; x_wconf 83' lang='lat' dir='ltr'><strong>patris</strong></span> <span class='ocrx_word' id='word_1_107' title='bbox 922 2082 1062 2154; x_wconf 81' lang='lat' dir='ltr'><strong>Thome</strong></span> <span class='ocrx_word' id='word_1_108' title='bbox 1079 2079 1235 2175; x_wconf 83' lang='lat' dir='ltr'><strong>episcopi</strong></span> <span class='ocrx_word' id='word_1_109' title='bbox 1255 2079 1563 2154; x_wconf 82' lang='lat' dir='ltr'><strong>Abbirdouenlis·</strong></span> 
     </span>
     <span class='ocr_line' id='line_1_14' title="bbox 232 2189 1565 2291; baseline -0.002 -22"><span class='ocrx_word' id='word_1_110' title='bbox 232 2196 316 2269; x_wconf 91' lang='lat' dir='ltr'><strong>Duo</strong></span> <span class='ocrx_word' id='word_1_111' title='bbox 333 2195 549 2269; x_wconf 87' lang='lat' dir='ltr'><strong>candelabra</strong></span> <span class='ocrx_word' id='word_1_112' title='bbox 564 2204 737 2291; x_wconf 87' lang='lat' dir='ltr'><strong>argentea</strong></span> <span class='ocrx_word' id='word_1_113' title='bbox 748 2216 815 2289; x_wconf 87' lang='lat' dir='ltr'><strong>pro</strong></span> <span class='ocrx_word' id='word_1_114' title='bbox 832 2192 1030 2266; x_wconf 85' lang='lat' dir='ltr'><strong>ministerio</strong></span> <span class='ocrx_word' id='word_1_115' title='bbox 1042 2194 1335 2265; x_wconf 86' lang='lat' dir='ltr'><strong>ceroferariorum</strong></span> <span class='ocrx_word' id='word_1_116' title='bbox 1353 2189 1501 2267; x_wconf 83' lang='lat' dir='ltr'><strong>ecclesie</strong></span> <span class='ocrx_word' id='word_1_117' title='bbox 1519 2219 1565 2267; x_wconf 86' lang='lat' dir='ltr'><strong>ex</strong></span> 
     </span>
     <span class='ocr_line' id='line_1_15' title="bbox 231 2305 1566 2402; baseline -0.001 -21"><span class='ocrx_word' id='word_1_118' title='bbox 231 2307 492 2381; x_wconf 89' lang='lat' dir='ltr'><strong>donoeinsdem</strong></span> <span class='ocrx_word' id='word_1_119' title='bbox 503 2306 658 2402; x_wconf 75' lang='lat' dir='ltr'><strong>episcopi</strong></span> <span class='ocrx_word' id='word_1_120' title='bbox 664 2305 823 2379; x_wconf 75' lang='lat' dir='ltr'><strong>Thoma-</strong></span> <span class='ocrx_word' id='word_1_121' title='bbox 837 2305 962 2379; x_wconf 80' lang='lat' dir='ltr'><strong>Puluis</strong></span> <span class='ocrx_word' id='word_1_122' title='bbox 972 2307 1112 2402; x_wconf 87' lang='lat' dir='ltr'><strong>argenti</strong></span> <span class='ocrx_word' id='word_1_123' title='bbox 1125 2329 1210 2379; x_wconf 89' lang='lat' dir='ltr'><strong>eum</strong></span> <span class='ocrx_word' id='word_1_124' title='bbox 1217 2306 1384 2379; x_wconf 88' lang='lat' dir='ltr'><strong>lauacbro</strong></span> <span class='ocrx_word' id='word_1_125' title='bbox 1394 2308 1566 2380; x_wconf 84' lang='lat' dir='ltr'><strong>deaurato</strong></span> 
     </span>
     <span class='ocr_line' id='line_1_16' title="bbox 232 2415 1567 2515; baseline -0.001 -23"><span class='ocrx_word' id='word_1_126' title='bbox 232 2446 280 2493; x_wconf 87' lang='lat' dir='ltr'><strong>ex</strong></span> <span class='ocrx_word' id='word_1_127' title='bbox 296 2422 391 2494; x_wconf 92' lang='lat' dir='ltr'><strong>dono</strong></span> <span class='ocrx_word' id='word_1_128' title='bbox 408 2420 589 2515; x_wconf 86' lang='lat' dir='ltr'><strong>qnondam</strong></span> <span class='ocrx_word' id='word_1_129' title='bbox 613 2420 707 2490; x_wconf 90' lang='lat' dir='ltr'><strong>bone</strong></span> <span class='ocrx_word' id='word_1_130' title='bbox 722 2420 896 2491; x_wconf 86' lang='lat' dir='ltr'><strong>memorie</strong></span> <span class='ocrx_word' id='word_1_131' title='bbox 913 2418 1071 2493; x_wconf 87' lang='lat' dir='ltr'><strong>Gilberti</strong></span> <span class='ocrx_word' id='word_1_132' title='bbox 1087 2415 1371 2491; x_wconf 81' lang='lat' dir='ltr'><strong>Abbirdonensis</strong></span> <span class='ocrx_word' id='word_1_133' title='bbox 1388 2418 1541 2513; x_wconf 78' lang='lat' dir='ltr'><strong>episcopi</strong></span> <span class='ocrx_word' id='word_1_134' title='bbox 1559 2459 1567 2474; x_wconf 93' lang='lat'>·</span> 
     </span>
     <span class='ocr_line' id='line_1_17' title="bbox 232 2527 1567 2627; baseline -0.002 -22"><span class='ocrx_word' id='word_1_135' title='bbox 232 2533 316 2605; x_wconf 88' lang='lat' dir='ltr'><strong>Due</strong></span> <span class='ocrx_word' id='word_1_136' title='bbox 333 2533 404 2606; x_wconf 91' lang='lat' dir='ltr'><strong>alie</strong></span> <span class='ocrx_word' id='word_1_137' title='bbox 420 2530 584 2605; x_wconf 86' lang='lat' dir='ltr'><strong>similiter</strong></span> <span class='ocrx_word' id='word_1_138' title='bbox 607 2532 732 2626; x_wconf 81' lang='lat' dir='ltr'><strong>pelues</strong></span> <span class='ocrx_word' id='word_1_139' title='bbox 756 2553 821 2625; x_wconf 92' lang='lat' dir='ltr'><strong>pro</strong></span> <span class='ocrx_word' id='word_1_140' title='bbox 846 2527 1043 2602; x_wconf 86' lang='lat' dir='ltr'><strong>ministerio</strong></span> <span class='ocrx_word' id='word_1_141' title='bbox 1069 2534 1190 2627; x_wconf 89' lang='lat' dir='ltr'><strong>magni</strong></span> <span class='ocrx_word' id='word_1_142' title='bbox 1215 2532 1338 2604; x_wconf 86' lang='lat' dir='ltr'><strong>altaris</strong></span> <span class='ocrx_word' id='word_1_143' title='bbox 1362 2531 1511 2625; x_wconf 89' lang='lat' dir='ltr'><strong>pulcbre</strong></span> <span class='ocrx_word' id='word_1_144' title='bbox 1529 2543 1567 2602; x_wconf 88' lang='lat' dir='ltr'><strong>et</strong></span> 
     </span>
     <span class='ocr_line' id='line_1_18' title="bbox 231 2641 1567 2739; baseline -0.003 -20"><span class='ocrx_word' id='word_1_145' title='bbox 231 2644 381 2719; x_wconf 81' lang='lat' dir='ltr'><strong>honeste</strong></span> <span class='ocrx_word' id='word_1_146' title='bbox 405 2669 452 2717; x_wconf 87' lang='lat' dir='ltr'><strong>ex</strong></span> <span class='ocrx_word' id='word_1_147' title='bbox 476 2642 587 2717; x_wconf 88' lang='lat' dir='ltr'><strong>fimili</strong></span> <span class='ocrx_word' id='word_1_148' title='bbox 604 2646 698 2717; x_wconf 89' lang='lat' dir='ltr'><strong>dono</strong></span> <span class='ocrx_word' id='word_1_149' title='bbox 725 2642 917 2739; x_wconf 73' lang='lat' dir='ltr'><strong>supradicti</strong></span> <span class='ocrx_word' id='word_1_150' title='bbox 942 2643 1080 2715; x_wconf 91' lang='lat' dir='ltr'><strong>domini</strong></span> <span class='ocrx_word' id='word_1_151' title='bbox 1105 2642 1256 2715; x_wconf 89' lang='lat' dir='ltr'><strong>Henrici</strong></span> <span class='ocrx_word' id='word_1_152' title='bbox 1281 2641 1567 2716; x_wconf 82' lang='lat' dir='ltr'><strong>Abbirdonensia</strong></span> 
     </span>
     <span class='ocr_line' id='line_1_19' title="bbox 232 2752 1565 2854; baseline -0.003 -25"><span class='ocrx_word' id='word_1_153' title='bbox 232 2756 386 2854; x_wconf 84' lang='lat' dir='ltr'><strong>episcopi</strong></span> <span class='ocrx_word' id='word_1_154' title='bbox 404 2799 413 2815; x_wconf 91' lang='lat'><strong>·</strong></span> <span class='ocrx_word' id='word_1_155' title='bbox 431 2757 559 2830; x_wconf 90' lang='lat' dir='ltr'><strong>Vnum</strong></span> <span class='ocrx_word' id='word_1_156' title='bbox 576 2757 717 2830; x_wconf 84' lang='lat' dir='ltr'><strong>coclear</strong></span> <span class='ocrx_word' id='word_1_157' title='bbox 740 2754 881 2852; x_wconf 81' lang='lat' dir='ltr'><strong>argenti</strong></span> <span class='ocrx_word' id='word_1_158' title='bbox 906 2780 972 2850; x_wconf 90' lang='lat' dir='ltr'><strong>pro</strong></span> <span class='ocrx_word' id='word_1_159' title='bbox 987 2752 1186 2827; x_wconf 87' lang='lat' dir='ltr'><strong>ministerio</strong></span> <span class='ocrx_word' id='word_1_160' title='bbox 1202 2755 1289 2826; x_wconf 77' lang='lat' dir='ltr'><strong>diui</strong></span> <span class='ocrx_word' id='word_1_161' title='bbox 1313 2753 1436 2827; x_wconf 82' lang='lat' dir='ltr'><strong>altaria</strong></span> <span class='ocrx_word' id='word_1_162' title='bbox 1453 2796 1461 2812; x_wconf 93' lang='lat'><strong>·</strong></span> <span class='ocrx_word' id='word_1_163' title='bbox 1480 2754 1565 2826; x_wconf 91' lang='lat' dir='ltr'><strong>Duo</strong></span> 
     </span>
     <span class='ocr_line' id='line_1_20' title="bbox 235 2863 1565 2965; baseline -0.005 -22"><span class='ocrx_word' id='word_1_164' title='bbox 235 2870 421 2944; x_wconf 90' lang='lat' dir='ltr'><strong>thuribula</strong></span> <span class='ocrx_word' id='word_1_165' title='bbox 444 2872 585 2965; x_wconf 86' lang='lat' dir='ltr'><strong>argenti</strong></span> <span class='ocrx_word' id='word_1_166' title='bbox 603 2892 649 2941; x_wconf 84' lang='lat' dir='ltr'><strong>ex</strong></span> <span class='ocrx_word' id='word_1_167' title='bbox 675 2869 769 2941; x_wconf 89' lang='lat' dir='ltr'><strong>dono</strong></span> <span class='ocrx_word' id='word_1_168' title='bbox 796 2871 1023 2942; x_wconf 84' lang='lat' dir='ltr'><strong>dominorum</strong></span> <span class='ocrx_word' id='word_1_169' title='bbox 1047 2867 1198 2962; x_wconf 86' lang='lat' dir='ltr'><strong>capituli</strong></span> <span class='ocrx_word' id='word_1_170' title='bbox 1212 2863 1445 2939; x_wconf 75' lang='lat' dir='ltr'><strong>reddentium</strong></span> <span class='ocrx_word' id='word_1_171' title='bbox 1470 2890 1565 2939; x_wconf 89' lang='lat' dir='ltr'><strong>auno</strong></span> 
     </span>
     <span class='ocr_line' id='line_1_21' title="bbox 235 2976 1565 3077; baseline -0.003 -22"><span class='ocrx_word' id='word_1_172' title='bbox 235 2984 384 3055; x_wconf 91' lang='lat' dir='ltr'><strong>Domini</strong></span> <span class='ocrx_word' id='word_1_173' title='bbox 401 2976 591 3055; x_wconf 83' lang='lat' dir='ltr'><strong>millesimo</strong></span> <span class='ocrx_word' id='word_1_174' title='bbox 608 2976 896 3077; x_wconf 86' lang='lat' dir='ltr'><strong>quingentefimo</strong></span> <span class='ocrx_word' id='word_1_175' title='bbox 913 2978 1165 3053; x_wconf 87' lang='lat' dir='ltr'><strong>decimosexto</strong></span> <span class='ocrx_word' id='word_1_176' title='bbox 1176 2979 1345 3073; x_wconf 72' lang='lat' dir='ltr'><strong>ponderis</strong></span> <span class='ocrx_word' id='word_1_177' title='bbox 1360 2988 1509 3051; x_wconf 88' lang='lat' dir='ltr'><strong>centum</strong></span> <span class='ocrx_word' id='word_1_178' title='bbox 1527 2990 1565 3050; x_wconf 85' lang='lat' dir='ltr'><strong>et</strong></span> 
     </span>
     <span class='ocr_line' id='line_1_22' title="bbox 234 3087 1565 3191; baseline -0.004 -23"><span class='ocrx_word' id='word_1_179' title='bbox 234 3097 470 3191; x_wconf 88' lang='lat' dir='ltr'><strong>quadraginta</strong></span> <span class='ocrx_word' id='word_1_180' title='bbox 482 3097 667 3166; x_wconf 80' lang='lat' dir='ltr'><strong>unciarum</strong></span> <span class='ocrx_word' id='word_1_181' title='bbox 685 3118 767 3165; x_wconf 90' lang='lat' dir='ltr'><strong>cum</strong></span> <span class='ocrx_word' id='word_1_182' title='bbox 785 3093 964 3167; x_wconf 88' lang='lat' dir='ltr'><strong>nauicella</strong></span> <span class='ocrx_word' id='word_1_183' title='bbox 974 3102 1012 3165; x_wconf 89' lang='lat' dir='ltr'><strong>et</strong></span> <span class='ocrx_word' id='word_1_184' title='bbox 1029 3090 1181 3165; x_wconf 88' lang='lat' dir='ltr'><strong>cocleari</strong></span> <span class='ocrx_word' id='word_1_185' title='bbox 1197 3087 1332 3164; x_wconf 76' lang='lat' dir='ltr'><strong>incensi</strong></span> <span class='ocrx_word' id='word_1_186' title='bbox 1349 3115 1432 3163; x_wconf 87' lang='lat' dir='ltr'><strong>eum</strong></span> <span class='ocrx_word' id='word_1_187' title='bbox 1449 3089 1565 3163; x_wconf 81' lang='lat' dir='ltr'><strong>eusto-</strong></span> 
     </span>
     <span class='ocr_line' id='line_1_23' title="bbox 234 3198 1564 3303; baseline -0.004 -24"><span class='ocrx_word' id='word_1_188' title='bbox 234 3210 338 3281; x_wconf 85' lang='lat' dir='ltr'><strong>dibus</strong></span> <span class='ocrx_word' id='word_1_189' title='bbox 355 3208 552 3281; x_wconf 89' lang='lat' dir='ltr'><strong>eorundem</strong></span> <span class='ocrx_word' id='word_1_190' title='bbox 569 3246 579 3267; x_wconf 91' lang='lat'><strong>·</strong></span> <span class='ocrx_word' id='word_1_191' title='bbox 598 3206 731 3279; x_wconf 83' lang='lat' dir='ltr'><strong>Pulcra</strong></span> <span class='ocrx_word' id='word_1_192' title='bbox 751 3228 879 3302; x_wconf 86' lang='lat' dir='ltr'><strong>ymago</strong></span> <span class='ocrx_word' id='word_1_193' title='bbox 903 3206 1044 3303; x_wconf 85' lang='lat' dir='ltr'><strong>argenti</strong></span> <span class='ocrx_word' id='word_1_194' title='bbox 1068 3198 1266 3276; x_wconf 84' lang='lat' dir='ltr'><strong>beatiffime</strong></span> <span class='ocrx_word' id='word_1_195' title='bbox 1291 3205 1350 3275; x_wconf 88' lang='lat' dir='ltr'><strong>dei</strong></span> <span class='ocrx_word' id='word_1_196' title='bbox 1372 3206 1564 3299; x_wconf 66' lang='lat' dir='ltr'><strong>genetricis</strong></span> 
     </span>
     <span class='ocr_line' id='line_1_24' title="bbox 234 3312 1565 3413; baseline -0.005 -20"><span class='ocrx_word' id='word_1_197' title='bbox 234 3322 353 3393; x_wconf 85' lang='lat' dir='ltr'><strong>Maria</strong></span> <span class='ocrx_word' id='word_1_198' title='bbox 369 3321 518 3413; x_wconf 80' lang='lat' dir='ltr'><strong>pietatis</strong></span> <span class='ocrx_word' id='word_1_199' title='bbox 534 3342 579 3392; x_wconf 86' lang='lat' dir='ltr'><strong>ex</strong></span> <span class='ocrx_word' id='word_1_200' title='bbox 597 3320 692 3390; x_wconf 87' lang='lat' dir='ltr'><strong>dono</strong></span> <span class='ocrx_word' id='word_1_201' title='bbox 709 3318 922 3392; x_wconf 79' lang='lat' dir='ltr'><strong>venerabilia</strong></span> <span class='ocrx_word' id='word_1_202' title='bbox 938 3320 1006 3389; x_wconf 78' lang='lat' dir='ltr'><strong>viri</strong></span> <span class='ocrx_word' id='word_1_203' title='bbox 1021 3312 1181 3412; x_wconf 85' lang='lat' dir='ltr'><strong>magistri</strong></span> <span class='ocrx_word' id='word_1_204' title='bbox 1197 3314 1347 3388; x_wconf 85' lang='lat' dir='ltr'><strong>Andree</strong></span> <span class='ocrx_word' id='word_1_205' title='bbox 1364 3315 1468 3410; x_wconf 84' lang='lat' dir='ltr'><strong>Lyell</strong></span> <span class='ocrx_word' id='word_1_206' title='bbox 1485 3317 1565 3387; x_wconf 70' lang='lat' dir='ltr'><strong>the</strong></span> 
     </span>
     <span class='ocr_line' id='line_1_25' title="bbox 235 3427 1564 3527; baseline -0.005 -21"><span class='ocrx_word' id='word_1_207' title='bbox 235 3432 378 3527; x_wconf 86' lang='lat' dir='ltr'><strong>samarij</strong></span> <span class='ocrx_word' id='word_1_208' title='bbox 391 3427 676 3503; x_wconf 82' lang='lat' dir='ltr'><strong>Abbirdoncnsre</strong></span> <span class='ocrx_word' id='word_1_209' title='bbox 689 3472 700 3488; x_wconf 83' lang='lat'><strong>·</strong></span> <span class='ocrx_word' id='word_1_210' title='bbox 711 3431 1054 3527; x_wconf 85' lang='lat' dir='ltr'><strong>Duoauangeliaria</strong></span> <span class='ocrx_word' id='word_1_211' title='bbox 1064 3450 1217 3523; x_wconf 85' lang='lat' dir='ltr'><strong>quorum</strong></span> <span class='ocrx_word' id='word_1_212' title='bbox 1229 3451 1341 3504; x_wconf 80' lang='lat' dir='ltr'><strong>vnum</strong></span> <span class='ocrx_word' id='word_1_213' title='bbox 1351 3438 1564 3524; x_wconf 58' lang='lat' dir='ltr'><strong>armtemn</strong></span> 
     </span>
     <span class='ocr_line' id='line_1_26' title="bbox 234 3540 1563 3639; baseline -0.005 -22"><span class='ocrx_word' id='word_1_214' title='bbox 234 3556 273 3617; x_wconf 89' lang='lat' dir='ltr'><strong>et</strong></span> <span class='ocrx_word' id='word_1_215' title='bbox 289 3546 387 3618; x_wconf 85' lang='lat' dir='ltr'><strong>aliud</strong></span> <span class='ocrx_word' id='word_1_216' title='bbox 411 3567 563 3639; x_wconf 88' lang='lat' dir='ltr'><strong>cupmm</strong></span> <span class='ocrx_word' id='word_1_217' title='bbox 589 3544 800 3616; x_wconf 86' lang='lat' dir='ltr'><strong>deauratum</strong></span> <span class='ocrx_word' id='word_1_218' title='bbox 827 3582 835 3599; x_wconf 92' lang='lat'><strong>·</strong></span> <span class='ocrx_word' id='word_1_219' title='bbox 862 3543 950 3615; x_wconf 88' lang='lat' dir='ltr'><strong>Duo</strong></span> <span class='ocrx_word' id='word_1_220' title='bbox 970 3540 1164 3637; x_wconf 71' lang='lat' dir='ltr'><strong>pectoralia</strong></span> <span class='ocrx_word' id='word_1_221' title='bbox 1193 3564 1385 3635; x_wconf 80' lang='lat' dir='ltr'><strong>capparum</strong></span> <span class='ocrx_word' id='word_1_222' title='bbox 1411 3548 1563 3633; x_wconf 71' lang='lat' dir='ltr'><strong>quormi</strong></span> 
     </span>
     <span class='ocr_line' id='line_1_27' title="bbox 233 3653 1564 3752; baseline -0.004 -23"><span class='ocrx_word' id='word_1_223' title='bbox 233 3681 345 3729; x_wconf 84' lang='lat' dir='ltr'><strong>vnum</strong></span> <span class='ocrx_word' id='word_1_224' title='bbox 362 3667 574 3752; x_wconf 88' lang='lat' dir='ltr'><strong>argenteum</strong></span> <span class='ocrx_word' id='word_1_225' title='bbox 591 3666 630 3727; x_wconf 90' lang='lat' dir='ltr'><strong>et</strong></span> <span class='ocrx_word' id='word_1_226' title='bbox 652 3655 807 3728; x_wconf 87' lang='lat' dir='ltr'><strong>alterum</strong></span> <span class='ocrx_word' id='word_1_227' title='bbox 826 3678 871 3727; x_wconf 89' lang='lat' dir='ltr'><strong>ex</strong></span> <span class='ocrx_word' id='word_1_228' title='bbox 890 3678 1000 3749; x_wconf 89' lang='lat' dir='ltr'><strong>cupro</strong></span> <span class='ocrx_word' id='word_1_229' title='bbox 1026 3655 1197 3726; x_wconf 71' lang='lat' dir='ltr'><strong>deaumto</strong></span> <span class='ocrx_word' id='word_1_230' title='bbox 1213 3692 1221 3707; x_wconf 95' lang='lat'><strong>·</strong></span> <span class='ocrx_word' id='word_1_231' title='bbox 1238 3653 1311 3725; x_wconf 82' lang='lat' dir='ltr'><strong>Gor</strong></span> <span class='ocrx_word' id='word_1_232' title='bbox 1321 3656 1461 3748; x_wconf 85' lang='lat' dir='ltr'><strong>argenti</strong></span> <span class='ocrx_word' id='word_1_233' title='bbox 1478 3663 1564 3725; x_wconf 88' lang='lat' dir='ltr'><strong>ante</strong></span> 
     </span>
     <span class='ocr_line' id='line_1_28' title="bbox 234 3766 1564 3865; baseline -0.005 -22"><span class='ocrx_word' id='word_1_234' title='bbox 234 3772 355 3843; x_wconf 87' lang='lat' dir='ltr'><strong>diuam</strong></span> <span class='ocrx_word' id='word_1_235' title='bbox 372 3770 548 3865; x_wconf 84' lang='lat' dir='ltr'><strong>virginem</strong></span> <span class='ocrx_word' id='word_1_236' title='bbox 572 3806 580 3823; x_wconf 95' lang='lat'><strong>·</strong></span> <span class='ocrx_word' id='word_1_237' title='bbox 606 3766 852 3863; x_wconf 88' lang='lat' dir='ltr'><strong>Aspersorium</strong></span> <span class='ocrx_word' id='word_1_238' title='bbox 875 3768 1014 3863; x_wconf 86' lang='lat' dir='ltr'><strong>argenti</strong></span> <span class='ocrx_word' id='word_1_239' title='bbox 1040 3790 1123 3838; x_wconf 79' lang='lat' dir='ltr'><strong>cnm</strong></span> <span class='ocrx_word' id='word_1_240' title='bbox 1147 3767 1284 3860; x_wconf 85' lang='lat' dir='ltr'><strong>sorpice</strong></span> <span class='ocrx_word' id='word_1_241' title='bbox 1302 3766 1564 3860; x_wconf 68' lang='lat' dir='ltr'><strong>pro&#39;cudeudi&#39;a</strong></span> 
     </span>
     <span class='ocr_line' id='line_1_29' title="bbox 234 3874 1562 3977; baseline -0.005 -22"><span class='ocrx_word' id='word_1_242' title='bbox 234 3883 386 3977; x_wconf 86' lang='lat' dir='ltr'><strong>panibus</strong></span> <span class='ocrx_word' id='word_1_243' title='bbox 401 3878 597 3954; x_wconf 86' lang='lat' dir='ltr'><strong>hostiarum</strong></span> <span class='ocrx_word' id='word_1_244' title='bbox 615 3903 661 3953; x_wconf 87' lang='lat' dir='ltr'><strong>ex</strong></span> <span class='ocrx_word' id='word_1_245' title='bbox 679 3882 772 3953; x_wconf 93' lang='lat' dir='ltr'><strong>dono</strong></span> <span class='ocrx_word' id='word_1_246' title='bbox 790 3881 978 3953; x_wconf 89' lang='lat' dir='ltr'><strong>reuerendi</strong></span> <span class='ocrx_word' id='word_1_247' title='bbox 995 3880 1107 3974; x_wconf 81' lang='lat' dir='ltr'><strong>patris</strong></span> <span class='ocrx_word' id='word_1_248' title='bbox 1125 3878 1304 3949; x_wconf 89' lang='lat' dir='ltr'><strong>Willelmi</strong></span> <span class='ocrx_word' id='word_1_249' title='bbox 1323 3874 1562 3974; x_wconf 86' lang='lat' dir='ltr'><strong>Elpbinstoun</strong></span> 
     </span>
     <span class='ocr_line' id='line_1_30' title="bbox 242 3980 1564 4087; baseline -0.002 -20"><span class='ocrx_word' id='word_1_250' title='bbox 242 3989 525 4067; x_wconf 83' lang='lat' dir='ltr'><strong>Abbirdonenfic</strong></span> <span class='ocrx_word' id='word_1_251' title='bbox 542 3990 698 4087; x_wconf 84' lang='lat' dir='ltr'><strong>episcopi</strong></span> <span class='ocrx_word' id='word_1_252' title='bbox 714 4030 722 4051; x_wconf 90' lang='lat'><strong>·</strong></span> <span class='ocrx_word' id='word_1_253' title='bbox 740 3992 851 4065; x_wconf 79' lang='lat' dir='ltr'><strong>Inuus</strong></span> <span class='ocrx_word' id='word_1_254' title='bbox 866 3992 982 4065; x_wconf 80' lang='lat' dir='ltr'><strong>ferrea</strong></span> <span class='ocrx_word' id='word_1_255' title='bbox 997 3980 1266 4063; x_wconf 74' lang='lat' dir='ltr'><strong>excommunic</strong></span> <span class='ocrx_word' id='word_1_256' title='bbox 1287 3992 1436 4083; x_wconf 88' lang='lat' dir='ltr'><strong>capituli</strong></span> <span class='ocrx_word' id='word_1_257' title='bbox 1455 4031 1464 4049; x_wconf 91' lang='lat'><strong>·</strong></span> <span class='ocrx_word' id='word_1_258' title='bbox 1481 3992 1564 4064; x_wconf 80' lang='lat' dir='ltr'><strong>Tria</strong></span> 
     </span>
     <span class='ocr_line' id='line_1_31' title="bbox 235 4102 1564 4199; baseline -0.004 -18"><span class='ocrx_word' id='word_1_259' title='bbox 235 4108 364 4181; x_wconf 84' lang='lat' dir='ltr'><strong>scrinia</strong></span> <span class='ocrx_word' id='word_1_260' title='bbox 379 4128 443 4199; x_wconf 93' lang='lat' dir='ltr'><strong>pro</strong></span> <span class='ocrx_word' id='word_1_261' title='bbox 455 4105 524 4198; x_wconf 87' lang='lat' dir='ltr'><strong>hijs</strong></span> <span class='ocrx_word' id='word_1_262' title='bbox 543 4103 741 4177; x_wconf 53' lang='lat' dir='ltr'><strong>localibus*</strong></span> <span class='ocrx_word' id='word_1_263' title='bbox 751 4102 1002 4177; x_wconf 72' lang='lat' dir='ltr'><strong>consumendis</strong></span> <span class='ocrx_word' id='word_1_264' title='bbox 1015 4132 1027 4162; x_wconf 72' lang='lat'><strong>·⁴</strong></span> <span class='ocrx_word' id='word_1_265' title='bbox 1043 4102 1267 4177; x_wconf 81' lang='lat' dir='ltr'><strong>Candelabra</strong></span> <span class='ocrx_word' id='word_1_266' title='bbox 1282 4124 1373 4176; x_wconf 83' lang='lat' dir='ltr'><strong>enea</strong></span> <span class='ocrx_word' id='word_1_267' title='bbox 1389 4114 1428 4175; x_wconf 89' lang='lat' dir='ltr'><strong>et</strong></span> <span class='ocrx_word' id='word_1_268' title='bbox 1450 4106 1564 4177; x_wconf 84' lang='lat' dir='ltr'><strong>ferrea</strong></span> 
     </span>
     <span class='ocr_line' id='line_1_32' title="bbox 235 4212 1284 4313; baseline -0.005 -22"><span class='ocrx_word' id='word_1_269' title='bbox 235 4242 299 4300; x_wconf 83' lang='lat' dir='ltr'><strong>uro</strong></span> <span class='ocrx_word' id='word_1_270' title='bbox 317 4217 380 4290; x_wconf 85' lang='lat' dir='ltr'><strong>vsu</strong></span> <span class='ocrx_word' id='word_1_271' title='bbox 396 4217 609 4313; x_wconf 87' lang='lat' dir='ltr'><strong>quotidiano</strong></span> <span class='ocrx_word' id='word_1_272' title='bbox 625 4212 773 4290; x_wconf 77' lang='lat' dir='ltr'><strong>ecclesie</strong></span> <span class='ocrx_word' id='word_1_273' title='bbox 791 4226 918 4311; x_wconf 86' lang='lat' dir='ltr'><strong>patent</strong></span> <span class='ocrx_word' id='word_1_274' title='bbox 931 4216 1082 4290; x_wconf 84' lang='lat' dir='ltr'><strong>cuilibet</strong></span> <span class='ocrx_word' id='word_1_275' title='bbox 1099 4217 1258 4288; x_wconf 89' lang='lat' dir='ltr'><strong>intuenti</strong></span> <span class='ocrx_word' id='word_1_276' title='bbox 1276 4256 1284 4271; x_wconf 93' lang='lat'><strong>·</strong></span> 
     </span>
    </p>
   </div>
   <div class='ocr_carea' id='block_1_3' title="bbox 0 0 2030 5534">
    <p class='ocr_par' dir='ltr' id='par_1_3' title="bbox 0 0 2030 5534">
     <span class='ocr_line' id='line_1_33' title="bbox 0 0 2030 5534; baseline 0 0"><span class='ocrx_word' id='word_1_277' title='bbox 0 0 2030 5534; x_wconf 95' lang='lat' dir='ltr'><strong> </strong></span> 
     </span>
    </p>
   </div>
  </div>
 </body>
</html>
