4050 5534
1466 534 1478 574 l

255 647 357 743 xvc]
725 654 1130 733 Annnnounnsu.
1225 628 1230 635 ’
1526 674 1599 745 aar

253 850 363 921 maol<
380 853 418 922 in
435 852 638 925 feudifirma
654 876 677 921 v
694 854 756 926 lio.
774 857 809 948 vj
823 858 852 929 ἔ.
866 856 926 952 viij
946 856 982 929 d.
1030 855 1082 931 Et
1098 860 1144 933 de
1160 859 1346 955 posteriori
1363 862 1471 935 domo
1489 888 1595 939 oocu-

253 972 339 1053 pata
355 985 420 1057 per
435 962 683 1039 succentorem
701 967 999 1043 Aberdonensem
1017 968 1041 1065 ij
1056 973 1086 1043 i.

352 1186 459 1262 Missa
487 1214 555 1285 pro
578 1190 697 1264 anima
721 1188 881 1287 magistri
897 1192 1048 1267 Andree
1072 1195 1220 1291 Kyntor
1244 1207 1302 1270 ter
1326 1199 1366 1269 in
1389 1200 1590 1275 ebdomada

351 1301 566 1375 celebranda
582 1302 751 1375 videlicet
768 1307 878 1377 tertia
890 1309 1018 1399 quinta
1034 1306 1133 1403 ferijs
1149 1318 1188 1381 et
1206 1307 1353 1383 sabbato
1372 1355 1380 1370 ·

300 1413 359 1486 De
375 1424 587 1501 tenemento
597 1416 733 1487 domini
746 1414 898 1489 Dauidis
915 1416 1051 1515 Harwy
1063 1423 1102 1493 in
1120 1420 1238 1516 Futye
1255 1424 1398 1495 iacente
1414 1424 1454 1496 xl
1472 1429 1500 1499 s.
1536 1426 1587 1499 Et

249 1526 295 1599 de
313 1536 409 1599 terra
426 1526 579 1600 Roberti
597 1526 696 1622 Gray
707 1530 745 1600 in
757 1550 853 1600 nouo
870 1532 1001 1625 oppido
1019 1530 1268 1607 Aberdonenli
1281 1537 1320 1607 in
1334 1538 1415 1608 vico
1426 1539 1587 1611 inferiori

249 1638 406 1711 eiusdem
423 1642 544 1735 oppidi
562 1664 613 1712 xx
629 1641 659 1711 ἔ.

347 1863 456 1940 Missa
467 1868 566 1937 omni
576 1876 704 1961 quarta
716 1868 806 1939 seria
816 1867 862 1939 de
874 1860 1113 1960 eompaffione
1126 1866 1211 1938 diuo
1228 1867 1376 1963 virginis
1389 1890 1453 1961 pro
1470 1866 1585 1943 salute

345 1982 463 2053 anime
488 1975 646 2074 magistri
664 1977 866 2051 Alexandri
883 1976 970 2072 Kyd
988 1976 1207 2071 succentoris
1224 1976 1519 2053 Aberdonensrs·

295 2091 353 2165 De
378 2099 590 2165 tenemento
614 2089 675 2163 seu
702 2086 885 2163 mansione
910 2088 1069 2161 eiusdem
1095 2090 1189 2163 infra
1213 2091 1401 2166 ciuitatem
1417 2090 1584 2167 Aberdo-

250 2202 396 2277 oensem
413 2228 434 2276 e
451 2204 599 2297 regione
616 2205 732 2277 crucis
749 2204 870 2275 foralis
887 2225 964 2273 xxx
983 2226 1010 2273 s.

343 2424 451 2501 Mille
475 2427 684 2521 quotidiano
716 2451 781 2521 pro
806 2428 928 2499 anima
951 2428 1133 2519 quondam
1158 2430 1349 2502 reuerendi
1372 2432 1413 2502 in
1439 2430 1581 2504 Christo

341 2544 453 2635 patris
470 2564 511 2613 ao
529 2540 665 2611 domini
682 2540 818 2611 domini
832 2540 974 2612 Gawini
986 2536 1256 2613 Aberdonenlis
1273 2538 1429 2637 episcopi
1442 2567 1484 2615 ao
1497 2568 1580 2617 cum

341 2649 442 2727 missa
468 2652 566 2724 omni
583 2650 740 2725 secunda
756 2653 846 2724 seria
862 2653 907 2725 de
923 2652 1048 2745 requie
1064 2651 1258 2727 decantata
1273 2678 1357 2726 curn
1376 2656 1524 2728 diacono
1542 2670 1581 2731 et

339 2764 556 2840 subdiacono
585 2775 625 2837 et
654 2766 831 2837 maiorum
865 2787 1120 2858 campanarum
1151 2764 1354 2859 pulsatione
1385 2808 1394 2824 ·
1422 2767 1578 2842 Necnon

339 2874 621 2953 anniuersarium
646 2900 711 2971 pro
743 2878 864 2949 anima
889 2873 1048 2949 eiusdem
1074 2876 1331 2950 celebrandum
1347 2903 1413 2974 per
1429 2884 1579 2955 vicarios

339 2992 438 3065 chori
456 2990 619 3083 quolibet
636 3012 730 3061 anno
747 2990 786 3061 in
804 2984 956 3061 crastino
974 2989 1050 3061 dini
1076 2989 1255 3063 Columbo
1274 2987 1478 3065 confessoris
1495 3017 1578 3067 cnm

337 3100 439 3178 milla
454 3111 495 3174 vt
511 3103 621 3173 moris
635 3098 688 3175 est
705 3103 898 3174 decantata
910 3124 993 3172 cunr
1011 3100 1175 3197 exeqnijs
1183 3110 1409 3175 mortuorum
1423 3128 1577 3179 unacum

335 3218 486 3313 priuatis
514 3210 625 3287 millis
654 3216 700 3289 ab
734 3214 903 3285 omnibns
932 3211 1074 3308 vicarijs
1107 3214 1332 3287 celebrandis
1357 3228 1465 3310 prout
1495 3218 1575 3292 Deo

335 3330 493 3402 maximo
519 3336 557 3399 et
584 3330 720 3421 optimo
746 3324 960 3419 respondere
981 3326 1163 3399 voluerint
1192 3329 1231 3398 in
1258 3328 1317 3399 die
1341 3330 1464 3424 indicij
1482 3332 1576 3405 vltra

334 3442 427 3513 illud
443 3436 724 3512 anniuersarium
742 3438 838 3531 quod
855 3438 1060 3510 celebratur
1076 3440 1114 3511 in
1132 3437 1191 3510 die
1207 3440 1329 3511 obitus
1345 3443 1504 3516 eiusdem
1523 3486 1531 3501 ·

286 3555 356 3625 Pro
374 3552 503 3647 quibus
528 3546 676 3647 singulis
706 3550 932 3644 perficiendis
954 3551 1115 3645 profatus
1139 3552 1359 3625 reuerendus
1383 3565 1488 3647 pater
1509 3581 1575 3652 per

238 3676 447 3739 executores
484 3661 564 3736 suos
599 3660 801 3737 mansiones
840 3663 1016 3734 dictorum
1051 3664 1266 3734 vicariorum
1298 3688 1322 3736 a
1353 3665 1466 3738 fundo
1503 3666 1573 3742 suis

237 3777 435 3871 sumptibus
457 3774 615 3849 edificari
642 3770 739 3847 inffit
766 3783 807 3846 vt
829 3775 1056 3847 intuentibus
1076 3778 1192 3865 poteri
1214 3772 1332 3869 potest
1355 3787 1393 3849 et
1416 3804 1473 3851 res
1498 3780 1573 3877 ipsa

237 3887 453 3962 demonstrat
472 3931 480 3947 ·

330 4109 438 4186 Missa
462 4112 672 4205 quotidiana
697 4134 761 4205 pro
785 4108 900 4184 salute
929 4114 1050 4184 anime
1079 4114 1294 4186 venerabilis
1319 4117 1386 4186 viri
1411 4115 1569 4213 magistri

329 4226 528 4299 Alexandri
555 4223 735 4319 Gallouay
750 4225 896 4297 nestoris
921 4248 943 4296 a
968 4222 1131 4319 Kynkell
1158 4226 1372 4299 celebranda
1396 4227 1484 4300 hora
1505 4254 1570 4301 no·

328 4361 422 4411 uena
455 4347 541 4410 ante
574 4338 763 4409 meridiem
795 4359 877 4410 cum
910 4337 1101 4410 duodecim
1139 4338 1281 4409 tinnitis
1314 4334 1375 4410 seu
1409 4337 1568 4433 pulsibus

329 4452 472 4523 maioris
506 4472 679 4543 campane
713 4451 758 4522 ad
792 4450 906 4522 altaro
936 4449 1012 4521 diui
1047 4448 1239 4521 Michaelis
1272 4450 1475 4547 archangeli
1502 4477 1568 4547 per

329 4563 485 4636 eundem
502 4556 745 4635 construstum
762 4584 845 4635 cum
863 4562 1003 4635 duobus
1020 4557 1268 4655 anniuersarijs
1285 4585 1437 4655 quorum
1455 4587 1566 4637 vnum
