4050 5534
263 626 364 722 nvn]
730 627 1136 704 ABERDONENSE.
1532 641 1604 710 243

261 830 420 902 malum·
440 829 520 927 Ego
538 828 705 901 domiuus
723 829 859 904 faciens
876 833 999 904 omnia
1023 833 1090 904 beo
1116 874 1125 891 ·
1154 831 1290 906 Rorate
1308 832 1377 906 celi
1397 833 1548 929 desuper
1564 849 1602 908 et

259 942 375 1015 nubes
401 943 530 1037 pluant
550 938 685 1014 iustum
714 987 723 1004 ·
749 941 948 1036 Aperiatnr
972 954 1070 1017 terra
1103 954 1141 1017 et
1174 946 1354 1042 germinet
1386 943 1600 1020 saluatorem

260 1067 298 1127 et
314 1052 455 1128 iusticia
471 1056 608 1128 oriatur
623 1051 750 1128 fimul·
767 1055 849 1152 Ego
864 1057 1032 1130 dominus
1049 1059 1169 1129 creani
1189 1081 1276 1130 eum

258 1953 405 2026 Laome
421 1972 571 2032 curura
589 1995 598 2012 ·
617 1995 625 2012 ·
643 1991 652 2008 ·
671 1949 846 2023 Saaaaro
865 1970 954 2023 ross
967 1948 1272 2022 Paurunoosnnu
1290 1949 1376 2022 ·An
1390 1949 1597 2024 Hnaanos·

308 2179 453 2254 Fratres
469 2215 479 2234 ·
494 2175 783 2250 'sabemaoulnm
801 2176 934 2248 neum
952 2169 1017 2246 est.
1030 2175 1187 2269 primum
1204 2177 1243 2248 in
1260 2185 1452 2270 quoerant
1469 2177 1599 2248 eande-

258 2293 360 2365 labra
374 2302 413 2364 et
429 2286 553 2362 mensa
569 2298 609 2361 et
625 2283 819 2383 propos1tio
835 2308 971 2382 panum
982 2288 1079 2380 quod
1097 2288 1229 2360 dieitur
1239 2287 1359 2361 sanita
1376 2285 1485 2360 -Post
1502 2288 1598 2360 vela-

258 2414 424 2478 mentum
441 2399 773 2475 antemsecuudum
786 2398 1061 2472 tabernaculum
1072 2400 1169 2492 quod
1185 2399 1318 2472 dicitur
1328 2397 1449 2473 sanita
1461 2398 1600 2473 unno-

257 2540 338 2590 rum
354 2516 492 2588 habena
508 2536 659 2586 aureum
675 2511 902 2585 thuribulum
915 2521 954 2583 et
970 2531 1089 2583 arcam
1103 2508 1311 2584 testamenti
1327 2514 1598 2587 circumtectam

259 2653 304 2701 ex
322 2629 422 2699 omni
438 2635 541 2721 parte
558 2646 647 2696 auro
663 2627 702 2696 iu
718 2647 791 2717 qna
813 2632 891 2696 erat
908 2646 998 2696 vrna
1013 2645 1123 2696 aurea
1138 2625 1276 2698 babens
1293 2647 1427 2698 manna
1437 2624 1481 2699 'et
1497 2627 1598 2722 virga

258 2743 384 2815 Aaron
400 2764 471 2835 qua
487 2739 699 2810 fronduerat
715 2746 754 2809 et
774 2736 899 2809 tabule
916 2732 1125 2809 testamenti
1143 2735 1335 2832 superque
1352 2749 1456 2810 erant
1472 2739 1599 2811 ehem-

259 2857 320 2928 bin
344 2855 459 2952 glorie
483 2851 742 2925 obumbrantia
765 2849 1059 2942 propiciatorium
1085 2849 1130 2920 de
1156 2850 1287 2941 quibua
1311 2873 1385 2922 non
1410 2848 1464 2923 est
1490 2853 1597 2924 modo

258 2967 451 3040 dicendum
475 2987 541 3060 per
556 2958 721 3058 lingula·
747 2960 818 3034 His
843 2984 927 3033 vero
952 2963 1006 3034 ita
1030 2958 1235 3055 compositis
1260 2963 1299 3033 in
1323 2963 1433 3057 priori
1450 2965 1596 3056 quidam

258 3077 492 3152 tabernaculo
507 3073 648 3169 semper
663 3074 864 3146 introibant
881 3071 1084 3146 sacerdotes
1111 3070 1364 3146 sacrificiorum
1381 3074 1497 3148 officia
1513 3100 1598 3149 eon-

258 3192 480 3266 summantes
490 3228 500 3250 ·
511 3186 723 3260 Iuseeuudo
735 3194 859 3262 autem
873 3183 983 3258 semel
995 3187 1035 3258 in
1045 3209 1140 3258 anno
1150 3183 1244 3258 solus
1260 3187 1427 3280 pontifex
1436 3211 1511 3260 nou
1522 3185 1598 3262 fine

256 3303 430 3401 sangnine
446 3323 555 3396 quem
572 3299 718 3372 offerret
733 3321 798 3392 pro
822 3295 887 3372 suu
910 3307 949 3370 et
964 3285 1090 3394 populi
1108 3299 1338 3394 ignorantia·
1359 3297 1442 3373 Hoc
1467 3296 1598 3396 signiti-

258 3428 367 3491 eante
383 3415 523 3510 Spiritu
537 3411 672 3486 Santto
688 3411 850 3484 nondum
868 3409 1046 3505 prolatam
1063 3406 1134 3483 else
1151 3409 1353 3483 sanderum
1366 3414 1462 3485 viam
1479 3415 1597 3488 adbuc

256 3530 367 3625 priori
383 3524 617 3601 tabernaculo
632 3525 791 3597 habente
815 3519 951 3596 statum
968 3562 977 3579 ·
996 3521 1078 3607 Que
1098 3523 1269 3618 parabola
1285 3521 1339 3596 est
1355 3528 1527 3620 temporie
1544 3528 1599 3600 in·

257 3639 387 3715 stantis
409 3641 515 3712 iuxta
530 3659 639 3732 qnam
664 3659 817 3709 munera
832 3644 872 3709 et
895 3631 1011 3707 hostie
1036 3635 1238 3709 offeruntur
1262 3659 1332 3729 qne
1357 3659 1432 3710 non
1456 3633 1599 3732 possunt

258 3756 364 3826 iuxta
379 3749 633 3826 conscientiam
659 3749 858 3844 periodum
882 3747 1001 3822 faeere
1026 3743 1270 3821 seruientem·
1298 3747 1535 3822 Solummodo
1559 3754 1597 3824 in

259 3866 349 3939 cibis
365 3873 405 3938 et
419 3864 567 3958 potibus
583 3870 623 3934 et
647 3861 754 3954 varijs
769 3859 1046 3956 baptismatibus
1061 3870 1102 3934 et
1120 3857 1267 3955 iusticijs
1292 3863 1408 3935 carnis
1425 3860 1535 3957 vsque
1551 3866 1596 3940 ad

258 3989 404 4071 tompus
420 3975 649 4049 comestionis
659 3971 855 4068 impolitis·
873 3967 1037 4046 Christus
1050 3981 1175 4045 antem
1187 3969 1349 4048 allil’tens
1358 3977 1523 4070 pontifex
1541 3977 1596 4048 fu·

258 4099 422 4162 tororum
431 4087 609 4160 bonorum
618 4086 838 4181 peramplius
848 4093 888 4158 et
897 4085 1089 4180 perfectius
1102 4086 1377 4160 tabernaculum
1387 4111 1461 4160 non
1471 4109 1597 4162 manu·

258 4201 393 4276 auum
408 4201 446 4273 id
461 4197 517 4274 est
532 4222 607 4274 non
622 4200 730 4272 buius
746 4199 939 4273 creationis
955 4221 1075 4292 neque
1098 4219 1165 4292 per
1179 4194 1397 4294 sangninem·
1405 4201 1597 4295 hyrcorum

255 4323 324 4389 ant
356 4311 555 4385 vitulorum
583 4308 646 4386 sed
671 4333 737 4408 per
765 4313 949 4407 proprium
978 4308 1189 4406 sangninem
1218 4311 1384 4384 introinit
1414 4310 1524 4386 semel
1557 4315 1595 4386 in

257 4421 380 4500 sanda
395 4432 522 4498 eterna
537 4425 788 4520 redemptione
808 4425 961 4498 iuuenta
976 4465 985 4486 ·
