4050 5534
429 662 475 738 76
950 653 1256 728 REGISTRUM
1623 656 1774 750 [sucum

428 879 572 928 murum
606 859 703 928 iuter
736 853 851 949 ipsum
882 867 921 926 et
951 853 1132 949 Belheluy
1161 898 1168 914 ·
1204 865 1243 925 et
1274 853 1431 924 decenus
1466 855 1562 924 inter
1592 851 1705 947 ipsum
1736 862 1774 922 et

428 964 688 1040 thesaurarium
706 1009 715 1026 ·
734 979 861 1039 centor
877 969 974 1039 iuter
990 963 1107 1060 ipsum
1132 975 1171 1038 et
1202 967 1379 1036 decenum
1398 1007 1406 1022 ·
1426 964 1663 1038 cancellarius
1681 967 1776 1034 inter

429 1079 545 1174 ipsum
571 1091 609 1152 et
626 1091 811 1153 cantorem
830 1121 839 1138 ·
858 1089 897 1152 et
914 1101 1039 1150 murus
1056 1081 1160 1150 iuxta
1178 1079 1272 1149 viem
1290 1078 1451 1170 pertinet
1468 1079 1513 1149 ud
1532 1079 1773 1148 communiam

430 1203 471 1262 vt
488 1191 593 1286 suprs
610 1193 747 1264 dietum
766 1189 819 1262 est
838 1231 846 1248 ·

730 1413 1081 1487 Consrrnunrouun
1100 1433 1241 1486 nounn
1261 1413 1481 1485 Ineunnurn

1038 1525 1151 1598 Frnrs
1168 1566 1175 1582 ·

617 1853 828 1926 Declerscio
845 1851 971 1924 tabule
988 1847 1193 1943 questuerie
1210 1861 1249 1924 et
1266 1873 1416 1924 onenrm
1435 1849 1592 1924 eiusdem

881 1964 1041 2060 cupitulo
1058 1957 1304 2056 impositorum
1323 2005 1331 2020 ·

435 2175 629 2272 Vniuersis
645 2193 766 2268 sanes
782 2195 908 2266 metris
924 2187 1074 2264 ecclesre
1091 2191 1175 2286 liliJs
1191 2194 1236 2264 nd
1255 2217 1407 2286 quorum
1426 2197 1578 2268 noticias
1595 2197 1777 2292 presentes

431 2312 554 2382 littere
570 2309 803 2403 peruenerint
820 2305 1034 2399 lugeremus
1053 2303 1123 2375 Dei
1148 2307 1265 2399 gretie
1290 2303 1476 2400 episcopus
1494 2307 1776 2384 Abbirdonensrs

431 2419 585 2493 sulutem
608 2422 645 2490 in
669 2442 713 2490 eo
730 2420 791 2510 qui
814 2413 868 2488 est
885 2438 969 2487 vere
994 2413 1089 2486 sulus
1107 2411 1248 2488 vestre·
1268 2415 1425 2490 Nouerit
1444 2416 1654 2492 vniuersrtas
1680 2425 1774 2514 quod

432 2530 628 2604 intelledtis
651 2527 862 2622 quibusdum
886 2528 1085 2621 euidencijs
1112 2529 1261 2620 capituli
1286 2540 1324 2601 et
1350 2533 1603 2603 canonicorum
1627 2531 1776 2607 ecclesie

431 2640 550 2716 nostre
568 2637 853 2714 Abbirdonensrs
874 2649 913 2712 et
936 2634 1123 2733 presertim
1150 2638 1265 2712 literis
1291 2641 1385 2713 bone
1410 2645 1583 2714 memorie
1607 2644 1776 2718 Richardi

430 2755 612 2848 quondum
643 2751 799 2847 episcopi
829 2745 1116 2823 Abbirdoneusrs
1150 2749 1401 2843 predecessoris
1436 2749 1546 2826 nostri
1576 2759 1638 2848 qui
1673 2755 1777 2851 super

430 2863 661 2959 infrascriptis
679 2863 821 2958 plenius
840 2864 960 2935 fueret
984 2863 1200 2933 informatus
1226 2863 1329 2936 nobis
1355 2865 1545 2938 euidenter
1562 2867 1720 2940 innotuit
1737 2883 1776 2940 et

430 2975 616 3052 constabat
641 2977 686 3049 ed
712 2975 860 3070 plenum
883 2975 1005 3067 ·quod
1033 2995 1158 3046 omnes
1183 2973 1423 3048 obuentiones
1449 2985 1487 3048 et
1513 2976 1712 3052 oblationes
1737 2995 1776 3054 et

429 3094 549 3186 legata
573 3091 735 3184 gratuite
750 3089 796 3160 sd
817 3083 1005 3164 ecclesium
1032 3080 1187 3156 nostram
1214 3089 1432 3160 antedittem
1451 3098 1489 3160 et
1507 3088 1621 3162 altere
1646 3096 1778 3185 princi-

429 3204 510 3298 pele
523 3199 682 3274 eiusdem
696 3199 936 3290 undecunque
950 3209 988 3270 et
1002 3217 1066 3290 per
1079 3221 1332 3292 quemcunque
1345 3202 1601 3292 proueuiencic
1613 3200 1776 3296 spetiant

429 3325 467 3386 et
484 3311 641 3406 spetture
655 3311 791 3382 debent
809 3309 855 3382 ed
872 3311 1050 3381 decenum
1069 3318 1108 3381 et
1125 3309 1325 3402 capitulum
1344 3307 1493 3383 ecclesie
1511 3309 1630 3386 nostre
1644 3315 1777 3389 Abbir·

429 3420 594 3495 donensrs
611 3418 807 3516 prescripte
820 3434 968 3515 propter
979 3417 1277 3492 sustentationem
1297 3421 1528 3494 lumiuerium
1547 3424 1775 3499 honestorum

429 3557 594 3609 necnon
619 3542 913 3605 omemeutorum
941 3531 1113 3603 librorum
1140 3543 1415 3626 ceterorumque
1441 3531 1712 3610 necessariorum
1731 3542 1776 3612 de

429 3649 559 3740 quibus
589 3647 756 3717 omuibus
784 3646 871 3716 didti
901 3645 1059 3716 decanus
1089 3654 1127 3715 et
1157 3643 1356 3738 capitulum
1386 3645 1573 3719 habebunt
1603 3651 1640 3720 iu
1667 3661 1777 3724 untes

428 3757 646 3830 sufficienter
670 3757 860 3850 prouidere
877 3797 886 3814 ·
906 3765 945 3826 et
970 3757 1055 3847 quis
1081 3755 1259 3848 aliquibus
1285 3752 1398 3850 pollet
1416 3760 1539 3829 venire
1563 3762 1599 3830 in
1626 3763 1776 3835 dubium

429 3883 550 3941 rtrum
568 3869 704 3961 denerij
722 3891 787 3961 per
803 3863 935 3939 Christi
952 3866 1078 3939 fideles
1096 3867 1208 3940 obleti
1226 3867 1271 3939 ed
1289 3868 1461 3940 fabricem
1488 3867 1636 3943 ecclesie
1657 3871 1777 3946 nostre

428 3981 586 4076 portenti
617 3979 779 4051 tabulam
810 3978 937 4050 diebus
967 3979 1158 4050 dominicis
1187 3991 1226 4051 et
1251 3975 1389 4051 festinis
1415 3982 1453 4050 iu
1479 3978 1629 4055 ecclesie
1658 3984 1779 4058 nostre

427 4089 607 4186 sepedi&c
632 4091 734 4162 uobis
752 4099 790 4162 et
807 4085 1060 4161 successoribus
1086 4087 1214 4162 nostris
1234 4087 1392 4183 spetiere
1410 4091 1545 4164 debent
1563 4093 1620 4166 vel
1639 4097 1777 4169 deceno

427 4213 466 4274 et
483 4202 642 4297 capitulo
668 4201 860 4274 untedittis
877 4239 886 4258 ·
903 4224 968 4272 nos
986 4224 1072 4272 vero
1090 4224 1197 4273 omne
1215 4203 1365 4273 dubium
1384 4205 1421 4274 in
1439 4203 1506 4276 hec
1523 4215 1626 4299 perte
1652 4231 1778 4302 empn-

427 4328 505 4388 tare
523 4325 562 4385 et
585 4311 742 4386 resecare
759 4312 924 4385 volentes
950 4313 1176 4386 declaremus
1201 4312 1404 4385 huiusmodi
1431 4316 1590 4388 tebulem
1611 4329 1649 4390 et
1666 4321 1778 4394 denu-

426 4427 497 4496 rios
514 4425 715 4497 antedictos
731 4425 777 4496 ed
795 4425 931 4497 distem
944 4425 1122 4496 decenum
1136 4435 1175 4498 et
1189 4424 1388 4518 capitulum
1406 4428 1548 4522 integre
1562 4437 1600 4500 et
1614 4429 1777 4523 plenarie

425 4537 607 4629 pertinere
624 4538 765 4608 rarione
781 4531 1015 4608 concessionis
1038 4533 1291 4630 predecessoris
1308 4533 1418 4609 nostri
1443 4541 1615 4612 unteditti
1633 4551 1671 4612 et
1690 4567 1779 4616 one-
