<?xml version="1.0" encoding="UTF-8"?>
<!DOCTYPE html PUBLIC "-//W3C//DTD XHTML 1.0 Transitional//EN"
    "http://www.w3.org/TR/xhtml1/DTD/xhtml1-transitional.dtd">
<html xmlns="http://www.w3.org/1999/xhtml" xml:lang="en" lang="en">
 <head>
  <title>
</title>
<meta http-equiv="Content-Type" content="text/html;charset=utf-8" />
  <meta name='ocr-system' content='tesseract 3.04.00' />
  <meta name='ocr-capabilities' content='ocr_page ocr_carea ocr_par ocr_line ocrx_word'/>
</head>
<body>
  <div class='ocr_page' id='page_1' title='image "./registrumepisco02innegoog_0411.png"; bbox 0 0 4050 5534; ppageno 0'>
   <div class='ocr_carea' id='block_1_1' title="bbox 232 627 1110 725">
    <p class='ocr_par' dir='ltr' id='par_1_1' title="bbox 232 627 1110 725">
     <span class='ocr_line' id='line_1_1' title="bbox 232 627 1110 725; baseline 0.003 -24"><span class='ocrx_word' id='word_1_1' title='bbox 232 627 461 725; x_wconf 71' lang='lat' dir='ltr'>arrasam]</span> <span class='ocrx_word' id='word_1_2' title='bbox 705 630 1110 707; x_wconf 83' lang='lat' dir='ltr'><strong>ABERDONENSE.</strong></span> 
     </span>
    </p>
   </div>
   <div class='ocr_carea' id='block_1_2' title="bbox 235 953 1391 1055">
    <p class='ocr_par' dir='ltr' id='par_1_2' title="bbox 235 953 1391 1055">
     <span class='ocr_line' id='line_1_2' title="bbox 235 953 1391 1055; baseline 0.005 -28"><span class='ocrx_word' id='word_1_3' title='bbox 235 954 292 1028; x_wconf 91' lang='lat' dir='ltr'>De</span> <span class='ocrx_word' id='word_1_4' title='bbox 309 953 478 1053; x_wconf 82' lang='lat' dir='ltr'>magistro</span> <span class='ocrx_word' id='word_1_5' title='bbox 493 954 663 1030; x_wconf 87' lang='lat' dir='ltr'>Johanne</span> <span class='ocrx_word' id='word_1_6' title='bbox 680 955 858 1033; x_wconf 87' lang='lat' dir='ltr'>Watsoun</span> <span class='ocrx_word' id='word_1_7' title='bbox 877 956 1084 1055; x_wconf 88' lang='lat' dir='ltr'>recipiendo</span> <span class='ocrx_word' id='word_1_8' title='bbox 1101 961 1138 1033; x_wconf 96' lang='lat' dir='ltr'>in</span> <span class='ocrx_word' id='word_1_9' title='bbox 1156 964 1391 1035; x_wconf 88' lang='lat' dir='ltr'>canonicum·</span> 
     </span>
    </p>
   </div>
   <div class='ocr_carea' id='block_1_3' title="bbox 224 1159 1575 4541">
    <p class='ocr_par' dir='ltr' id='par_1_3' title="bbox 224 1159 1575 4541">
     <span class='ocr_line' id='line_1_3' title="bbox 234 1159 1574 1283; baseline 0.006 -30"><span class='ocrx_word' id='word_1_10' title='bbox 234 1159 461 1255; x_wconf 87' lang='lat' dir='ltr'>Willelmus</span> <span class='ocrx_word' id='word_1_11' title='bbox 490 1184 615 1255; x_wconf 88' lang='lat' dir='ltr'>diuina</span> <span class='ocrx_word' id='word_1_12' title='bbox 645 1180 875 1257; x_wconf 88' lang='lat' dir='ltr'>miseratione</span> <span class='ocrx_word' id='word_1_13' title='bbox 908 1183 1178 1261; x_wconf 85' lang='lat' dir='ltr'>Abcrdonenlls</span> <span class='ocrx_word' id='word_1_14' title='bbox 1208 1187 1393 1283; x_wconf 89' lang='lat' dir='ltr'>episcopus</span> <span class='ocrx_word' id='word_1_15' title='bbox 1431 1190 1574 1263; x_wconf 85' lang='lat' dir='ltr'>vniuer-</span> 
     </span>
     <span class='ocr_line' id='line_1_4' title="bbox 233 1293 1575 1389; baseline 0.007 -24"><span class='ocrx_word' id='word_1_16' title='bbox 233 1293 297 1368; x_wconf 83' lang='lat' dir='ltr'>sali</span> <span class='ocrx_word' id='word_1_17' title='bbox 313 1295 445 1368; x_wconf 85' lang='lat' dir='ltr'>clerico</span> <span class='ocrx_word' id='word_1_18' title='bbox 462 1304 501 1367; x_wconf 92' lang='lat' dir='ltr'>et</span> <span class='ocrx_word' id='word_1_19' title='bbox 517 1295 652 1389; x_wconf 92' lang='lat' dir='ltr'>populo</span> <span class='ocrx_word' id='word_1_20' title='bbox 669 1318 735 1389; x_wconf 91' lang='lat' dir='ltr'>per</span> <span class='ocrx_word' id='word_1_21' title='bbox 751 1293 906 1367; x_wconf 87' lang='lat' dir='ltr'>nostram</span> <span class='ocrx_word' id='word_1_22' title='bbox 924 1294 1197 1372; x_wconf 82' lang='lat' dir='ltr'>rniuerlltatem</span> <span class='ocrx_word' id='word_1_23' title='bbox 1215 1312 1253 1373; x_wconf 88' lang='lat' dir='ltr'>et</span> <span class='ocrx_word' id='word_1_24' title='bbox 1271 1296 1439 1373; x_wconf 77' lang='lat' dir='ltr'>diocesim</span> <span class='ocrx_word' id='word_1_25' title='bbox 1457 1301 1575 1375; x_wconf 85' lang='lat' dir='ltr'>Aber-</span> 
     </span>
     <span class='ocr_line' id='line_1_5' title="bbox 234 1402 1573 1501; baseline 0.006 -22"><span class='ocrx_word' id='word_1_26' title='bbox 234 1404 428 1481; x_wconf 90' lang='lat' dir='ltr'>donensem</span> <span class='ocrx_word' id='word_1_27' title='bbox 444 1405 646 1501; x_wconf 74' lang='lat' dir='ltr'>specialiter</span> <span class='ocrx_word' id='word_1_28' title='bbox 662 1402 870 1481; x_wconf 86' lang='lat' dir='ltr'>constitutis</span> <span class='ocrx_word' id='word_1_29' title='bbox 886 1403 1039 1482; x_wconf 81' lang='lat' dir='ltr'>salutem</span> <span class='ocrx_word' id='word_1_30' title='bbox 1058 1434 1141 1485; x_wconf 86' lang='lat' dir='ltr'>cum</span> <span class='ocrx_word' id='word_1_31' title='bbox 1158 1411 1411 1485; x_wconf 77' lang='lat' dir='ltr'>benedictione</span> <span class='ocrx_word' id='word_1_32' title='bbox 1429 1412 1573 1487; x_wconf 90' lang='lat' dir='ltr'>diuina·</span> 
     </span>
     <span class='ocr_line' id='line_1_6' title="bbox 234 1516 1573 1619; baseline 0.004 -27"><span class='ocrx_word' id='word_1_33' title='bbox 234 1520 403 1594; x_wconf 87' lang='lat' dir='ltr'>Salnator</span> <span class='ocrx_word' id='word_1_34' title='bbox 418 1516 540 1592; x_wconf 87' lang='lat' dir='ltr'>noster</span> <span class='ocrx_word' id='word_1_35' title='bbox 555 1522 659 1592; x_wconf 91' lang='lat' dir='ltr'>cuius</span> <span class='ocrx_word' id='word_1_36' title='bbox 682 1521 789 1591; x_wconf 90' lang='lat' dir='ltr'>nutui</span> <span class='ocrx_word' id='word_1_37' title='bbox 807 1520 937 1593; x_wconf 64' lang='lat' dir='ltr'>cunda</span> <span class='ocrx_word' id='word_1_38' title='bbox 958 1518 1121 1594; x_wconf 88' lang='lat' dir='ltr'>seruiunt</span> <span class='ocrx_word' id='word_1_39' title='bbox 1148 1524 1185 1595; x_wconf 91' lang='lat' dir='ltr'>in</span> <span class='ocrx_word' id='word_1_40' title='bbox 1211 1546 1296 1619; x_wconf 84' lang='lat' dir='ltr'>agro</span> <span class='ocrx_word' id='word_1_41' title='bbox 1314 1525 1439 1596; x_wconf 91' lang='lat' dir='ltr'>mundi</span> <span class='ocrx_word' id='word_1_42' title='bbox 1466 1525 1573 1599; x_wconf 90' lang='lat' dir='ltr'>huius</span> 
     </span>
     <span class='ocr_line' id='line_1_7' title="bbox 233 1629 1573 1730; baseline -0.004 -23"><span class='ocrx_word' id='word_1_43' title='bbox 233 1632 378 1707; x_wconf 82' lang='lat' dir='ltr'>messem</span> <span class='ocrx_word' id='word_1_44' title='bbox 390 1632 544 1730; x_wconf 84' lang='lat' dir='ltr'>multam</span> <span class='ocrx_word' id='word_1_45' title='bbox 557 1629 731 1727; x_wconf 80' lang='lat' dir='ltr'>aspiciens</span> <span class='ocrx_word' id='word_1_46' title='bbox 744 1640 784 1704; x_wconf 91' lang='lat' dir='ltr'>et</span> <span class='ocrx_word' id='word_1_47' title='bbox 795 1634 1038 1727; x_wconf 77' lang='lat' dir='ltr'>operariorum</span> <span class='ocrx_word' id='word_1_48' title='bbox 1053 1636 1239 1708; x_wconf 89' lang='lat' dir='ltr'>raritatem</span> <span class='ocrx_word' id='word_1_49' title='bbox 1251 1637 1445 1709; x_wconf 89' lang='lat' dir='ltr'>attendens</span> <span class='ocrx_word' id='word_1_50' title='bbox 1459 1636 1573 1709; x_wconf 89' lang='lat' dir='ltr'>domi.</span> 
     </span>
     <span class='ocr_line' id='line_1_8' title="bbox 232 1740 1572 1841; baseline 0.002 -20"><span class='ocrx_word' id='word_1_51' title='bbox 232 1772 317 1821; x_wconf 92' lang='lat' dir='ltr'>num</span> <span class='ocrx_word' id='word_1_52' title='bbox 331 1744 451 1821; x_wconf 91' lang='lat' dir='ltr'>meffis</span> <span class='ocrx_word' id='word_1_53' title='bbox 467 1747 665 1841; x_wconf 80' lang='lat' dir='ltr'>rogandum</span> <span class='ocrx_word' id='word_1_54' title='bbox 683 1740 754 1818; x_wconf 85' lang='lat' dir='ltr'>else</span> <span class='ocrx_word' id='word_1_55' title='bbox 770 1744 887 1817; x_wconf 82' lang='lat' dir='ltr'>voluit</span> <span class='ocrx_word' id='word_1_56' title='bbox 904 1756 945 1816; x_wconf 88' lang='lat' dir='ltr'>vt</span> <span class='ocrx_word' id='word_1_57' title='bbox 961 1747 998 1817; x_wconf 91' lang='lat' dir='ltr'>in</span> <span class='ocrx_word' id='word_1_58' title='bbox 1026 1746 1125 1819; x_wconf 93' lang='lat' dir='ltr'>illam</span> <span class='ocrx_word' id='word_1_59' title='bbox 1143 1750 1322 1841; x_wconf 88' lang='lat' dir='ltr'>operarios</span> <span class='ocrx_word' id='word_1_60' title='bbox 1339 1750 1504 1823; x_wconf 85' lang='lat' dir='ltr'>mitteret</span> <span class='ocrx_word' id='word_1_61' title='bbox 1522 1750 1572 1824; x_wconf 85' lang='lat' dir='ltr'>Et</span> 
     </span>
     <span class='ocr_line' id='line_1_9' title="bbox 232 1856 1573 1956; baseline 0.001 -23"><span class='ocrx_word' id='word_1_62' title='bbox 232 1864 328 1935; x_wconf 90' lang='lat' dir='ltr'>idem</span> <span class='ocrx_word' id='word_1_63' title='bbox 338 1884 446 1933; x_wconf 87' lang='lat' dir='ltr'>mane</span> <span class='ocrx_word' id='word_1_64' title='bbox 459 1862 584 1933; x_wconf 83' lang='lat' dir='ltr'>exiens</span> <span class='ocrx_word' id='word_1_65' title='bbox 594 1857 710 1931; x_wconf 80' lang='lat' dir='ltr'>veluti</span> <span class='ocrx_word' id='word_1_66' title='bbox 723 1856 878 1954; x_wconf 80' lang='lat' dir='ltr'>dilige-ns</span> <span class='ocrx_word' id='word_1_67' title='bbox 890 1858 1148 1951; x_wconf 79' lang='lat' dir='ltr'>paterfamilias</span> <span class='ocrx_word' id='word_1_68' title='bbox 1160 1860 1256 1933; x_wconf 90' lang='lat' dir='ltr'>horis</span> <span class='ocrx_word' id='word_1_69' title='bbox 1270 1861 1341 1933; x_wconf 91' lang='lat' dir='ltr'>diei</span> <span class='ocrx_word' id='word_1_70' title='bbox 1353 1863 1459 1934; x_wconf 87' lang='lat' dir='ltr'>variis</span> <span class='ocrx_word' id='word_1_71' title='bbox 1470 1886 1573 1956; x_wconf 90' lang='lat' dir='ltr'>oper·</span> 
     </span>
     <span class='ocr_line' id='line_1_10' title="bbox 231 1966 1570 2068; baseline -0.001 -21"><span class='ocrx_word' id='word_1_72' title='bbox 231 1978 322 2047; x_wconf 84' lang='lat' dir='ltr'>arios</span> <span class='ocrx_word' id='word_1_73' title='bbox 347 1977 386 2045; x_wconf 93' lang='lat' dir='ltr'>in</span> <span class='ocrx_word' id='word_1_74' title='bbox 403 1975 545 2045; x_wconf 80' lang='lat' dir='ltr'>vineam</span> <span class='ocrx_word' id='word_1_75' title='bbox 571 1968 670 2043; x_wconf 91' lang='lat' dir='ltr'>suam</span> <span class='ocrx_word' id='word_1_76' title='bbox 694 1966 793 2041; x_wconf 83' lang='lat' dir='ltr'>milit</span> <span class='ocrx_word' id='word_1_77' title='bbox 818 2007 828 2026; x_wconf 91' lang='lat'><strong>·</strong></span> <span class='ocrx_word' id='word_1_78' title='bbox 852 1969 914 2042; x_wconf 89' lang='lat' dir='ltr'>Ita</span> <span class='ocrx_word' id='word_1_79' title='bbox 937 1978 977 2042; x_wconf 91' lang='lat' dir='ltr'>et</span> <span class='ocrx_word' id='word_1_80' title='bbox 1001 1993 1067 2043; x_wconf 92' lang='lat' dir='ltr'>nos</span> <span class='ocrx_word' id='word_1_81' title='bbox 1093 1994 1297 2065; x_wconf 88' lang='lat' dir='ltr'>quanquam</span> <span class='ocrx_word' id='word_1_82' title='bbox 1324 1973 1462 2068; x_wconf 82' lang='lat' dir='ltr'>indigni</span> <span class='ocrx_word' id='word_1_83' title='bbox 1490 1972 1570 2065; x_wconf 85' lang='lat' dir='ltr'>(nisr</span> 
     </span>
     <span class='ocr_line' id='line_1_11' title="bbox 231 2078 1570 2181; baseline -0.001 -21"><span class='ocrx_word' id='word_1_84' title='bbox 231 2098 407 2181; x_wconf 87' lang='lat' dir='ltr'>quantum</span> <span class='ocrx_word' id='word_1_85' title='bbox 419 2088 577 2159; x_wconf 87' lang='lat' dir='ltr'>humana</span> <span class='ocrx_word' id='word_1_86' title='bbox 590 2083 765 2179; x_wconf 77' lang='lat' dir='ltr'>fragilitas</span> <span class='ocrx_word' id='word_1_87' title='bbox 777 2078 875 2177; x_wconf 88' lang='lat' dir='ltr'>finit)</span> <span class='ocrx_word' id='word_1_88' title='bbox 892 2082 950 2153; x_wconf 85' lang='lat' dir='ltr'>vbi</span> <span class='ocrx_word' id='word_1_89' title='bbox 962 2079 1270 2176; x_wconf 82' lang='lat' dir='ltr'>superexcrescere</span> <span class='ocrx_word' id='word_1_90' title='bbox 1288 2081 1433 2157; x_wconf 84' lang='lat' dir='ltr'>messem</span> <span class='ocrx_word' id='word_1_91' title='bbox 1447 2087 1570 2181; x_wconf 91' lang='lat' dir='ltr'>populi</span> 
     </span>
     <span class='ocr_line' id='line_1_12' title="bbox 231 2193 1570 2292; baseline 0.001 -23"><span class='ocrx_word' id='word_1_92' title='bbox 231 2202 424 2274; x_wconf 81' lang='lat' dir='ltr'>viderimus</span> <span class='ocrx_word' id='word_1_93' title='bbox 440 2201 545 2271; x_wconf 87' lang='lat' dir='ltr'>iuxta</span> <span class='ocrx_word' id='word_1_94' title='bbox 568 2196 820 2292; x_wconf 87' lang='lat' dir='ltr'>propheticum</span> <span class='ocrx_word' id='word_1_95' title='bbox 837 2193 987 2267; x_wconf 84' lang='lat' dir='ltr'>verbum</span> <span class='ocrx_word' id='word_1_96' title='bbox 1004 2218 1138 2291; x_wconf 81' lang='lat' dir='ltr'>augere</span> <span class='ocrx_word' id='word_1_97' title='bbox 1161 2198 1340 2289; x_wconf 90' lang='lat' dir='ltr'>operarios</span> <span class='ocrx_word' id='word_1_98' title='bbox 1358 2204 1396 2269; x_wconf 93' lang='lat' dir='ltr'>et</span> <span class='ocrx_word' id='word_1_99' title='bbox 1413 2198 1570 2271; x_wconf 84' lang='lat' dir='ltr'>cultores</span> 
     </span>
     <span class='ocr_line' id='line_1_13' title="bbox 231 2304 1569 2402; baseline -0.002 -15"><span class='ocrx_word' id='word_1_100' title='bbox 231 2316 378 2389; x_wconf 88' lang='lat' dir='ltr'>idoneos</span> <span class='ocrx_word' id='word_1_101' title='bbox 406 2315 446 2385; x_wconf 93' lang='lat' dir='ltr'>in</span> <span class='ocrx_word' id='word_1_102' title='bbox 475 2311 693 2383; x_wconf 83' lang='lat' dir='ltr'>dominicam</span> <span class='ocrx_word' id='word_1_103' title='bbox 717 2308 862 2380; x_wconf 84' lang='lat' dir='ltr'>vineam</span> <span class='ocrx_word' id='word_1_104' title='bbox 891 2304 1071 2380; x_wconf 88' lang='lat' dir='ltr'>destinare</span> <span class='ocrx_word' id='word_1_105' title='bbox 1101 2317 1140 2381; x_wconf 88' lang='lat' dir='ltr'>et</span> <span class='ocrx_word' id='word_1_106' title='bbox 1174 2330 1365 2402; x_wconf 90' lang='lat' dir='ltr'>procurare</span> <span class='ocrx_word' id='word_1_107' title='bbox 1393 2311 1569 2384; x_wconf 92' lang='lat' dir='ltr'>debemus</span> 
     </span>
     <span class='ocr_line' id='line_1_14' title="bbox 230 2415 1568 2513; baseline -0.004 -13"><span class='ocrx_word' id='word_1_108' title='bbox 230 2451 303 2500; x_wconf 95' lang='lat' dir='ltr'>non</span> <span class='ocrx_word' id='word_1_109' title='bbox 330 2424 445 2498; x_wconf 91' lang='lat' dir='ltr'>solum</span> <span class='ocrx_word' id='word_1_110' title='bbox 474 2424 520 2497; x_wconf 90' lang='lat' dir='ltr'>ad</span> <span class='ocrx_word' id='word_1_111' title='bbox 547 2423 698 2494; x_wconf 82' lang='lat' dir='ltr'>verbum</span> <span class='ocrx_word' id='word_1_112' title='bbox 725 2421 784 2492; x_wconf 90' lang='lat' dir='ltr'>dei</span> <span class='ocrx_word' id='word_1_113' title='bbox 813 2417 942 2491; x_wconf 86' lang='lat' dir='ltr'>nostris</span> <span class='ocrx_word' id='word_1_114' title='bbox 969 2415 1122 2491; x_wconf 90' lang='lat' dir='ltr'>subditis</span> <span class='ocrx_word' id='word_1_115' title='bbox 1146 2419 1407 2513; x_wconf 89' lang='lat' dir='ltr'>propalandum</span> <span class='ocrx_word' id='word_1_116' title='bbox 1437 2419 1499 2494; x_wconf 88' lang='lat' dir='ltr'>scd</span> <span class='ocrx_word' id='word_1_117' title='bbox 1529 2432 1568 2495; x_wconf 88' lang='lat' dir='ltr'>et</span> 
     </span>
     <span class='ocr_line' id='line_1_15' title="bbox 229 2528 1569 2624; baseline -0.006 -9"><span class='ocrx_word' id='word_1_118' title='bbox 229 2542 408 2615; x_wconf 89' lang='lat' dir='ltr'>hereticos</span> <span class='ocrx_word' id='word_1_119' title='bbox 424 2547 463 2611; x_wconf 90' lang='lat' dir='ltr'>et</span> <span class='ocrx_word' id='word_1_120' title='bbox 480 2535 675 2609; x_wconf 89' lang='lat' dir='ltr'>eorundem</span> <span class='ocrx_word' id='word_1_121' title='bbox 694 2530 868 2605; x_wconf 80' lang='lat' dir='ltr'>versutias</span> <span class='ocrx_word' id='word_1_122' title='bbox 883 2530 1178 2605; x_wconf 85' lang='lat' dir='ltr'>confundendum</span> <span class='ocrx_word' id='word_1_123' title='bbox 1192 2532 1254 2624; x_wconf 92' lang='lat' dir='ltr'>qni</span> <span class='ocrx_word' id='word_1_124' title='bbox 1272 2534 1309 2603; x_wconf 94' lang='lat' dir='ltr'>in</span> <span class='ocrx_word' id='word_1_125' title='bbox 1326 2534 1433 2605; x_wconf 88' lang='lat' dir='ltr'>terris</span> <span class='ocrx_word' id='word_1_126' title='bbox 1449 2528 1569 2607; x_wconf 87' lang='lat' dir='ltr'>nostre</span> 
     </span>
     <span class='ocr_line' id='line_1_16' title="bbox 231 2642 1572 2741; baseline -0.006 -16"><span class='ocrx_word' id='word_1_127' title='bbox 231 2650 464 2726; x_wconf 70' lang='lat' dir='ltr'>iurisdislioui</span> <span class='ocrx_word' id='word_1_128' title='bbox 480 2646 648 2720; x_wconf 76' lang='lat' dir='ltr'>subiettis</span> <span class='ocrx_word' id='word_1_129' title='bbox 667 2644 778 2739; x_wconf 90' lang='lat' dir='ltr'>(qnod</span> <span class='ocrx_word' id='word_1_130' title='bbox 796 2643 963 2716; x_wconf 84' lang='lat' dir='ltr'>dolenter</span> <span class='ocrx_word' id='word_1_131' title='bbox 978 2644 1182 2739; x_wconf 85' lang='lat' dir='ltr'>referimus)</span> <span class='ocrx_word' id='word_1_132' title='bbox 1199 2642 1396 2737; x_wconf 91' lang='lat' dir='ltr'>plurimum</span> <span class='ocrx_word' id='word_1_133' title='bbox 1416 2646 1541 2741; x_wconf 80' lang='lat' dir='ltr'>vigent</span> <span class='ocrx_word' id='word_1_134' title='bbox 1562 2685 1572 2703; x_wconf 89' lang='lat'><strong>·</strong></span> 
     </span>
     <span class='ocr_line' id='line_1_17' title="bbox 230 2752 1566 2855; baseline -0.007 -15"><span class='ocrx_word' id='word_1_135' title='bbox 230 2768 288 2840; x_wconf 88' lang='lat' dir='ltr'>Ae</span> <span class='ocrx_word' id='word_1_136' title='bbox 305 2770 402 2838; x_wconf 88' lang='lat' dir='ltr'>inter</span> <span class='ocrx_word' id='word_1_137' title='bbox 417 2765 488 2837; x_wconf 91' lang='lat' dir='ltr'>alia</span> <span class='ocrx_word' id='word_1_138' title='bbox 506 2786 578 2855; x_wconf 89' lang='lat' dir='ltr'>que</span> <span class='ocrx_word' id='word_1_139' title='bbox 599 2756 813 2831; x_wconf 86' lang='lat' dir='ltr'>adsalutem</span> <span class='ocrx_word' id='word_1_140' title='bbox 842 2753 1003 2851; x_wconf 70' lang='lat' dir='ltr'>spedant</span> <span class='ocrx_word' id='word_1_141' title='bbox 1029 2756 1153 2851; x_wconf 91' lang='lat' dir='ltr'>populi</span> <span class='ocrx_word' id='word_1_142' title='bbox 1185 2752 1365 2849; x_wconf 87' lang='lat' dir='ltr'>christianj</span> <span class='ocrx_word' id='word_1_143' title='bbox 1393 2758 1566 2851; x_wconf 87' lang='lat' dir='ltr'>pabulum</span> 
     </span>
     <span class='ocr_line' id='line_1_18' title="bbox 230 2865 1566 2967; baseline -0.005 -16"><span class='ocrx_word' id='word_1_144' title='bbox 230 2880 329 2953; x_wconf 82' lang='lat' dir='ltr'>verbi</span> <span class='ocrx_word' id='word_1_145' title='bbox 356 2881 415 2951; x_wconf 92' lang='lat' dir='ltr'>dei</span> <span class='ocrx_word' id='word_1_146' title='bbox 439 2876 599 2948; x_wconf 85' lang='lat' dir='ltr'>maxime</span> <span class='ocrx_word' id='word_1_147' title='bbox 626 2867 786 2943; x_wconf 91' lang='lat' dir='ltr'>noscitur</span> <span class='ocrx_word' id='word_1_148' title='bbox 814 2868 884 2942; x_wconf 86' lang='lat' dir='ltr'>else</span> <span class='ocrx_word' id='word_1_149' title='bbox 909 2865 1142 2942; x_wconf 86' lang='lat' dir='ltr'>necessarium</span> <span class='ocrx_word' id='word_1_150' title='bbox 1168 2907 1177 2925; x_wconf 92' lang='lat'><strong>·</strong></span> <span class='ocrx_word' id='word_1_151' title='bbox 1204 2870 1288 2962; x_wconf 91' lang='lat' dir='ltr'>quia</span> <span class='ocrx_word' id='word_1_152' title='bbox 1319 2865 1411 2943; x_wconf 88' lang='lat' dir='ltr'>ficut</span> <span class='ocrx_word' id='word_1_153' title='bbox 1437 2894 1566 2967; x_wconf 87' lang='lat' dir='ltr'>corpus</span> 
     </span>
     <span class='ocr_line' id='line_1_19' title="bbox 229 2980 1567 3078; baseline -0.006 -13"><span class='ocrx_word' id='word_1_154' title='bbox 229 2991 406 3067; x_wconf 89' lang='lat' dir='ltr'>materiali</span> <span class='ocrx_word' id='word_1_155' title='bbox 422 2986 471 3061; x_wconf 85' lang='lat' dir='ltr'>llo</span> <span class='ocrx_word' id='word_1_156' title='bbox 488 2988 609 3059; x_wconf 89' lang='lat' dir='ltr'>anima</span> <span class='ocrx_word' id='word_1_157' title='bbox 623 2980 798 3078; x_wconf 88' lang='lat' dir='ltr'>spirituali</span> <span class='ocrx_word' id='word_1_158' title='bbox 824 2983 904 3054; x_wconf 88' lang='lat' dir='ltr'>cibo</span> <span class='ocrx_word' id='word_1_159' title='bbox 929 2983 1091 3053; x_wconf 90' lang='lat' dir='ltr'>nutritur</span> <span class='ocrx_word' id='word_1_160' title='bbox 1107 3004 1150 3052; x_wconf 92' lang='lat' dir='ltr'>eo</span> <span class='ocrx_word' id='word_1_161' title='bbox 1176 2983 1271 3075; x_wconf 91' lang='lat' dir='ltr'>quod</span> <span class='ocrx_word' id='word_1_162' title='bbox 1289 3004 1361 3053; x_wconf 91' lang='lat' dir='ltr'>non</span> <span class='ocrx_word' id='word_1_163' title='bbox 1379 2980 1453 3055; x_wconf 94' lang='lat' dir='ltr'>solo</span> <span class='ocrx_word' id='word_1_164' title='bbox 1474 3008 1567 3078; x_wconf 89' lang='lat' dir='ltr'>pane</span> 
     </span>
     <span class='ocr_line' id='line_1_20' title="bbox 228 3093 1566 3197; baseline -0.007 -18"><span class='ocrx_word' id='word_1_165' title='bbox 228 3108 320 3179; x_wconf 77' lang='lat' dir='ltr'>uiuit</span> <span class='ocrx_word' id='word_1_166' title='bbox 348 3106 457 3176; x_wconf 92' lang='lat' dir='ltr'>homo</span> <span class='ocrx_word' id='word_1_167' title='bbox 485 3099 610 3171; x_wconf 91' lang='lat' dir='ltr'>sedin</span> <span class='ocrx_word' id='word_1_168' title='bbox 637 3097 736 3171; x_wconf 88' lang='lat' dir='ltr'>omni</span> <span class='ocrx_word' id='word_1_169' title='bbox 762 3095 872 3167; x_wconf 80' lang='lat' dir='ltr'>serbo</span> <span class='ocrx_word' id='word_1_170' title='bbox 897 3094 993 3188; x_wconf 90' lang='lat' dir='ltr'>quod</span> <span class='ocrx_word' id='word_1_171' title='bbox 1022 3093 1189 3197; x_wconf 86' lang='lat' dir='ltr'>procedit</span> <span class='ocrx_word' id='word_1_172' title='bbox 1210 3093 1256 3165; x_wconf 93' lang='lat' dir='ltr'>de</span> <span class='ocrx_word' id='word_1_173' title='bbox 1273 3116 1334 3165; x_wconf 91' lang='lat' dir='ltr'>ore</span> <span class='ocrx_word' id='word_1_174' title='bbox 1352 3093 1411 3166; x_wconf 94' lang='lat' dir='ltr'>dei</span> <span class='ocrx_word' id='word_1_175' title='bbox 1428 3134 1437 3153; x_wconf 92' lang='lat'><strong>·</strong></span> <span class='ocrx_word' id='word_1_176' title='bbox 1456 3095 1566 3169; x_wconf 85' lang='lat' dir='ltr'>Vnde</span> 
     </span>
     <span class='ocr_line' id='line_1_21' title="bbox 228 3203 1567 3311; baseline -0.008 -20"><span class='ocrx_word' id='word_1_177' title='bbox 228 3232 266 3293; x_wconf 90' lang='lat' dir='ltr'>et</span> <span class='ocrx_word' id='word_1_178' title='bbox 299 3217 382 3311; x_wconf 92' lang='lat' dir='ltr'>sepe</span> <span class='ocrx_word' id='word_1_179' title='bbox 416 3212 595 3307; x_wconf 78' lang='lat' dir='ltr'>contingit</span> <span class='ocrx_word' id='word_1_180' title='bbox 633 3208 729 3302; x_wconf 91' lang='lat' dir='ltr'>quod</span> <span class='ocrx_word' id='word_1_181' title='bbox 757 3228 824 3278; x_wconf 88' lang='lat' dir='ltr'>uos</span> <span class='ocrx_word' id='word_1_182' title='bbox 858 3207 920 3299; x_wconf 92' lang='lat' dir='ltr'>qui</span> <span class='ocrx_word' id='word_1_183' title='bbox 955 3203 1201 3299; x_wconf 87' lang='lat' dir='ltr'>episcopatum</span> <span class='ocrx_word' id='word_1_184' title='bbox 1234 3205 1392 3301; x_wconf 79' lang='lat' dir='ltr'>gerimus</span> <span class='ocrx_word' id='word_1_185' title='bbox 1420 3218 1567 3301; x_wconf 89' lang='lat' dir='ltr'>propter</span> 
     </span>
     <span class='ocr_line' id='line_1_22' title="bbox 227 3315 1566 3421; baseline -0.009 -17"><span class='ocrx_word' id='word_1_186' title='bbox 227 3334 342 3406; x_wconf 80' lang='lat' dir='ltr'>varias</span> <span class='ocrx_word' id='word_1_187' title='bbox 359 3340 397 3401; x_wconf 92' lang='lat' dir='ltr'>et</span> <span class='ocrx_word' id='word_1_188' title='bbox 413 3324 634 3421; x_wconf 82' lang='lat' dir='ltr'>multiplices</span> <span class='ocrx_word' id='word_1_189' title='bbox 662 3321 916 3413; x_wconf 85' lang='lat' dir='ltr'>occupationes</span> <span class='ocrx_word' id='word_1_190' title='bbox 945 3328 984 3389; x_wconf 93' lang='lat' dir='ltr'>et</span> <span class='ocrx_word' id='word_1_191' title='bbox 1009 3339 1113 3390; x_wconf 89' lang='lat' dir='ltr'>curas</span> <span class='ocrx_word' id='word_1_192' title='bbox 1137 3324 1177 3387; x_wconf 89' lang='lat' dir='ltr'>et</span> <span class='ocrx_word' id='word_1_193' title='bbox 1211 3318 1394 3390; x_wconf 90' lang='lat' dir='ltr'>interdum</span> <span class='ocrx_word' id='word_1_194' title='bbox 1420 3315 1566 3392; x_wconf 87' lang='lat' dir='ltr'>hostiles</span> 
     </span>
     <span class='ocr_line' id='line_1_23' title="bbox 227 3424 1564 3535; baseline -0.011 -17"><span class='ocrx_word' id='word_1_195' title='bbox 227 3441 387 3519; x_wconf 88' lang='lat' dir='ltr'>incursus</span> <span class='ocrx_word' id='word_1_196' title='bbox 403 3464 468 3535; x_wconf 91' lang='lat' dir='ltr'>per</span> <span class='ocrx_word' id='word_1_197' title='bbox 479 3431 647 3529; x_wconf 88' lang='lat' dir='ltr'>nosipsos</span> <span class='ocrx_word' id='word_1_198' title='bbox 659 3431 809 3504; x_wconf 83' lang='lat' dir='ltr'>verbnm</span> <span class='ocrx_word' id='word_1_199' title='bbox 822 3432 880 3502; x_wconf 92' lang='lat' dir='ltr'>dei</span> <span class='ocrx_word' id='word_1_200' title='bbox 891 3428 1039 3525; x_wconf 80' lang='lat' dir='ltr'>lingulis</span> <span class='ocrx_word' id='word_1_201' title='bbox 1055 3428 1232 3522; x_wconf 90' lang='lat' dir='ltr'>parochijs</span> <span class='ocrx_word' id='word_1_202' title='bbox 1244 3429 1282 3499; x_wconf 95' lang='lat' dir='ltr'>in</span> <span class='ocrx_word' id='word_1_203' title='bbox 1296 3424 1415 3501; x_wconf 86' lang='lat' dir='ltr'>nostra</span> <span class='ocrx_word' id='word_1_204' title='bbox 1425 3428 1564 3503; x_wconf 88' lang='lat' dir='ltr'>diocese</span> 
     </span>
     <span class='ocr_line' id='line_1_24' title="bbox 227 3536 1566 3653; baseline -0.01 -23"><span class='ocrx_word' id='word_1_205' title='bbox 227 3558 409 3653; x_wconf 88' lang='lat' dir='ltr'>predicare</span> <span class='ocrx_word' id='word_1_206' title='bbox 426 3574 497 3623; x_wconf 93' lang='lat' dir='ltr'>non</span> <span class='ocrx_word' id='word_1_207' title='bbox 524 3543 702 3643; x_wconf 84' lang='lat' dir='ltr'>possemus</span> <span class='ocrx_word' id='word_1_208' title='bbox 731 3545 769 3615; x_wconf 93' lang='lat' dir='ltr'>in</span> <span class='ocrx_word' id='word_1_209' title='bbox 792 3540 953 3615; x_wconf 91' lang='lat' dir='ltr'>nostrum</span> <span class='ocrx_word' id='word_1_210' title='bbox 979 3536 1175 3612; x_wconf 87' lang='lat' dir='ltr'>subsrdium</span> <span class='ocrx_word' id='word_1_211' title='bbox 1192 3542 1238 3614; x_wconf 90' lang='lat' dir='ltr'>ad</span> <span class='ocrx_word' id='word_1_212' title='bbox 1262 3538 1380 3615; x_wconf 68' lang='lat' dir='ltr'>sande</span> <span class='ocrx_word' id='word_1_213' title='bbox 1405 3543 1566 3637; x_wconf 89' lang='lat' dir='ltr'>predica·</span> 
     </span>
     <span class='ocr_line' id='line_1_25' title="bbox 226 3650 1565 3749; baseline -0.011 -5"><span class='ocrx_word' id='word_1_214' title='bbox 226 3671 334 3744; x_wconf 90' lang='lat' dir='ltr'>tionis</span> <span class='ocrx_word' id='word_1_215' title='bbox 352 3665 508 3738; x_wconf 86' lang='lat' dir='ltr'>officium</span> <span class='ocrx_word' id='word_1_216' title='bbox 522 3660 712 3734; x_wconf 88' lang='lat' dir='ltr'>salubriter</span> <span class='ocrx_word' id='word_1_217' title='bbox 724 3656 977 3749; x_wconf 83' lang='lat' dir='ltr'>exequendum</span> <span class='ocrx_word' id='word_1_218' title='bbox 989 3654 1084 3725; x_wconf 80' lang='lat' dir='ltr'>siros</span> <span class='ocrx_word' id='word_1_219' title='bbox 1097 3654 1245 3726; x_wconf 83' lang='lat' dir='ltr'>idoneos</span> <span class='ocrx_word' id='word_1_220' title='bbox 1255 3650 1430 3727; x_wconf 85' lang='lat' dir='ltr'>assumere</span> <span class='ocrx_word' id='word_1_221' title='bbox 1443 3656 1565 3729; x_wconf 91' lang='lat' dir='ltr'>decre-</span> 
     </span>
     <span class='ocr_line' id='line_1_26' title="bbox 226 3763 1565 3873; baseline -0.01 -18"><span class='ocrx_word' id='word_1_222' title='bbox 226 3786 344 3855; x_wconf 91' lang='lat' dir='ltr'>nimus</span> <span class='ocrx_word' id='word_1_223' title='bbox 362 3780 423 3873; x_wconf 93' lang='lat' dir='ltr'>qui</span> <span class='ocrx_word' id='word_1_224' title='bbox 440 3774 585 3870; x_wconf 89' lang='lat' dir='ltr'>plebem</span> <span class='ocrx_word' id='word_1_225' title='bbox 612 3770 716 3841; x_wconf 89' lang='lat' dir='ltr'>nobis</span> <span class='ocrx_word' id='word_1_226' title='bbox 744 3765 925 3841; x_wconf 85' lang='lat' dir='ltr'>comissam</span> <span class='ocrx_word' id='word_1_227' title='bbox 948 3769 1027 3840; x_wconf 80' lang='lat' dir='ltr'>vice</span> <span class='ocrx_word' id='word_1_228' title='bbox 1054 3763 1174 3839; x_wconf 88' lang='lat' dir='ltr'>nostra</span> <span class='ocrx_word' id='word_1_229' title='bbox 1199 3768 1308 3839; x_wconf 84' lang='lat' dir='ltr'>verbo</span> <span class='ocrx_word' id='word_1_230' title='bbox 1338 3768 1396 3841; x_wconf 90' lang='lat' dir='ltr'>dei</span> <span class='ocrx_word' id='word_1_231' title='bbox 1423 3766 1565 3841; x_wconf 86' lang='lat' dir='ltr'>edifica-</span> 
     </span>
     <span class='ocr_line' id='line_1_27' title="bbox 225 3875 1563 3981; baseline -0.011 -13"><span class='ocrx_word' id='word_1_232' title='bbox 225 3907 306 3968; x_wconf 85' lang='lat' dir='ltr'>rent</span> <span class='ocrx_word' id='word_1_233' title='bbox 318 3901 358 3965; x_wconf 88' lang='lat' dir='ltr'>et</span> <span class='ocrx_word' id='word_1_234' title='bbox 375 3886 543 3981; x_wconf 88' lang='lat' dir='ltr'>exemplo</span> <span class='ocrx_word' id='word_1_235' title='bbox 559 3907 634 3955; x_wconf 96' lang='lat' dir='ltr'>non</span> <span class='ocrx_word' id='word_1_236' title='bbox 650 3880 765 3953; x_wconf 92' lang='lat' dir='ltr'>solum</span> <span class='ocrx_word' id='word_1_237' title='bbox 782 3883 820 3952; x_wconf 92' lang='lat' dir='ltr'>in</span> <span class='ocrx_word' id='word_1_238' title='bbox 837 3880 1093 3975; x_wconf 87' lang='lat' dir='ltr'>predicationis</span> <span class='ocrx_word' id='word_1_239' title='bbox 1110 3878 1227 3951; x_wconf 89' lang='lat' dir='ltr'>officio</span> <span class='ocrx_word' id='word_1_240' title='bbox 1244 3875 1304 3951; x_wconf 93' lang='lat' dir='ltr'>sed</span> <span class='ocrx_word' id='word_1_241' title='bbox 1321 3880 1358 3951; x_wconf 91' lang='lat' dir='ltr'>in</span> <span class='ocrx_word' id='word_1_242' title='bbox 1377 3881 1563 3953; x_wconf 87' lang='lat' dir='ltr'>audiendis</span> 
     </span>
     <span class='ocr_line' id='line_1_28' title="bbox 225 3990 1562 4091; baseline -0.012 -11"><span class='ocrx_word' id='word_1_243' title='bbox 225 4000 499 4081; x_wconf 78' lang='lat' dir='ltr'>confessionibus</span> <span class='ocrx_word' id='word_1_244' title='bbox 527 4005 566 4069; x_wconf 88' lang='lat' dir='ltr'>et</span> <span class='ocrx_word' id='word_1_245' title='bbox 590 3994 802 4091; x_wconf 87' lang='lat' dir='ltr'>penitentiis</span> <span class='ocrx_word' id='word_1_246' title='bbox 825 3990 1055 4087; x_wconf 84' lang='lat' dir='ltr'>iniungendis</span> <span class='ocrx_word' id='word_1_247' title='bbox 1072 3998 1110 4063; x_wconf 92' lang='lat' dir='ltr'>et</span> <span class='ocrx_word' id='word_1_248' title='bbox 1136 3992 1266 4064; x_wconf 90' lang='lat' dir='ltr'>ceteris</span> <span class='ocrx_word' id='word_1_249' title='bbox 1283 4015 1353 4084; x_wconf 90' lang='lat' dir='ltr'>que</span> <span class='ocrx_word' id='word_1_250' title='bbox 1379 3994 1562 4085; x_wconf 87' lang='lat' dir='ltr'>pertinent</span> 
     </span>
     <span class='ocr_line' id='line_1_29' title="bbox 225 4102 1560 4201; baseline -0.011 -9"><span class='ocrx_word' id='word_1_251' title='bbox 225 4120 268 4193; x_wconf 94' lang='lat' dir='ltr'>ad</span> <span class='ocrx_word' id='word_1_252' title='bbox 284 4116 437 4190; x_wconf 87' lang='lat' dir='ltr'>salutem</span> <span class='ocrx_word' id='word_1_253' title='bbox 454 4113 656 4185; x_wconf 88' lang='lat' dir='ltr'>animarum</span> <span class='ocrx_word' id='word_1_254' title='bbox 672 4144 681 4163; x_wconf 94' lang='lat'><strong>·</strong></span> <span class='ocrx_word' id='word_1_255' title='bbox 699 4103 850 4201; x_wconf 85' lang='lat' dir='ltr'>Insuper</span> <span class='ocrx_word' id='word_1_256' title='bbox 865 4102 1100 4178; x_wconf 89' lang='lat' dir='ltr'>conciliorum</span> <span class='ocrx_word' id='word_1_257' title='bbox 1116 4102 1339 4198; x_wconf 80' lang='lat' dir='ltr'>generalium</span> <span class='ocrx_word' id='word_1_258' title='bbox 1358 4102 1560 4177; x_wconf 68' lang='lat' dir='ltr'>sanderum</span> 
     </span>
     <span class='ocr_line' id='line_1_30' title="bbox 225 4212 1561 4326; baseline -0.011 -22"><span class='ocrx_word' id='word_1_259' title='bbox 225 4242 367 4326; x_wconf 87' lang='lat' dir='ltr'>patrum</span> <span class='ocrx_word' id='word_1_260' title='bbox 384 4252 407 4299; x_wconf 92' lang='lat' dir='ltr'>a</span> <span class='ocrx_word' id='word_1_261' title='bbox 422 4220 696 4319; x_wconf 89' lang='lat' dir='ltr'>quampluribus</span> <span class='ocrx_word' id='word_1_262' title='bbox 712 4220 815 4306; x_wconf 89' lang='lat' dir='ltr'>annis</span> <span class='ocrx_word' id='word_1_263' title='bbox 841 4242 883 4292; x_wconf 89' lang='lat' dir='ltr'>ae</span> <span class='ocrx_word' id='word_1_264' title='bbox 908 4212 1206 4311; x_wconf 87' lang='lat' dir='ltr'>inpresentiarum</span> <span class='ocrx_word' id='word_1_265' title='bbox 1225 4214 1367 4311; x_wconf 87' lang='lat' dir='ltr'>coneilij</span> <span class='ocrx_word' id='word_1_266' title='bbox 1384 4216 1561 4313; x_wconf 79' lang='lat' dir='ltr'>generalis</span> 
     </span>
     <span class='ocr_line' id='line_1_31' title="bbox 224 4323 1562 4425; baseline -0.01 -9"><span class='ocrx_word' id='word_1_267' title='bbox 224 4340 425 4415; x_wconf 79' lang='lat' dir='ltr'>Tridentini</span> <span class='ocrx_word' id='word_1_268' title='bbox 449 4357 593 4408; x_wconf 88' lang='lat' dir='ltr'>necnon</span> <span class='ocrx_word' id='word_1_269' title='bbox 622 4327 733 4403; x_wconf 87' lang='lat' dir='ltr'>nostri</span> <span class='ocrx_word' id='word_1_270' title='bbox 763 4329 994 4425; x_wconf 85' lang='lat' dir='ltr'>prouincialis</span> <span class='ocrx_word' id='word_1_271' title='bbox 1028 4323 1169 4422; x_wconf 85' lang='lat' dir='ltr'>concilij</span> <span class='ocrx_word' id='word_1_272' title='bbox 1199 4328 1345 4401; x_wconf 92' lang='lat' dir='ltr'>decreto</span> <span class='ocrx_word' id='word_1_273' title='bbox 1379 4340 1419 4401; x_wconf 88' lang='lat' dir='ltr'>et</span> <span class='ocrx_word' id='word_1_274' title='bbox 1444 4331 1562 4403; x_wconf 87' lang='lat' dir='ltr'>deter-</span> 
     </span>
     <span class='ocr_line' id='line_1_32' title="bbox 226 4436 1562 4541; baseline -0.008 -12"><span class='ocrx_word' id='word_1_275' title='bbox 226 4455 421 4529; x_wconf 90' lang='lat' dir='ltr'>minatione</span> <span class='ocrx_word' id='word_1_276' title='bbox 450 4450 628 4522; x_wconf 88' lang='lat' dir='ltr'>maiorum</span> <span class='ocrx_word' id='word_1_277' title='bbox 653 4445 768 4517; x_wconf 89' lang='lat' dir='ltr'>totius</span> <span class='ocrx_word' id='word_1_278' title='bbox 794 4445 896 4541; x_wconf 81' lang='lat' dir='ltr'>regni</span> <span class='ocrx_word' id='word_1_279' title='bbox 922 4441 1100 4517; x_wconf 89' lang='lat' dir='ltr'>sancitum</span> <span class='ocrx_word' id='word_1_280' title='bbox 1121 4436 1174 4513; x_wconf 87' lang='lat' dir='ltr'>cst</span> <span class='ocrx_word' id='word_1_281' title='bbox 1201 4449 1242 4512; x_wconf 84' lang='lat' dir='ltr'>vt</span> <span class='ocrx_word' id='word_1_282' title='bbox 1269 4440 1305 4511; x_wconf 94' lang='lat' dir='ltr'>in</span> <span class='ocrx_word' id='word_1_283' title='bbox 1324 4441 1486 4534; x_wconf 88' lang='lat' dir='ltr'>qualibet</span> <span class='ocrx_word' id='word_1_284' title='bbox 1504 4466 1562 4518; x_wconf 90' lang='lat' dir='ltr'>ec·</span> 
     </span>
    </p>
   </div>
   <div class='ocr_carea' id='block_1_4' title="bbox 0 0 2030 5534">
    <p class='ocr_par' dir='ltr' id='par_1_4' title="bbox 0 0 2030 5534">
     <span class='ocr_line' id='line_1_33' title="bbox 0 0 2030 5534; baseline 0 6"><span class='ocrx_word' id='word_1_285' title='bbox 0 0 2030 5534; x_wconf 95' lang='lat' dir='ltr'> </span> 
     </span>
    </p>
   </div>
  </div>
 </body>
</html>
