4050 5534
432 640 500 705 140
952 624 1260 699 REGIS‘I'RUM
1624 624 1781 720 [ancum

481 841 520 903 et
536 830 668 903 ceteris
684 852 750 923 per
774 828 1008 900 donationem
1025 824 1215 897 reuerendi
1231 826 1271 895 iu
1283 822 1428 897 Christe
1444 827 1557 920 patule
1574 850 1617 899 ac
1639 826 1780 899 domini

482 942 618 1013 domini
646 940 797 1013 Henriei
829 940 899 1011 Dei
933 938 1052 1034 gratia
1084 934 1239 1031 episcopi
1265 937 1374 1009 huius
1403 934 1553 1011 ecclefie
1582 940 1628 1010 ad
1661 938 1780 1012 altare

480 1053 600 1127 sancte
619 1054 798 1127 Katerine
816 1052 964 1147 virginis
981 1092 990 1109 ·

432 1164 530 1240 Item
547 1168 619 1239 duo
637 1167 866 1239 linthiaminu
882 1188 947 1259 pro
965 1164 1094 1235 eodem
1110 1160 1215 1234 altari
1232 1160 1279 1233 de
1296 1162 1492 1235 donatione
1508 1163 1671 1237 eiusdem
1688 1206 1698 1223 ·

323 1339 324 1342 η
433 1275 529 1353 Item
559 1276 642 1351 suut
668 1280 749 1351 octo
774 1280 873 1375 petIe
896 1278 942 1349 de
959 1276 1098 1371 parntis
1114 1268 1189 1345 line
1213 1272 1305 1345 albia
1322 1314 1331 1329 ·
1349 1272 1450 1347 Item
1466 1276 1548 1347 nito
1569 1276 1723 1351 fanones
1740 1288 1779 1350 et

482 1393 562 1464 odo
579 1387 703 1463 stolis·

432 1504 529 1577 Item
548 1526 681 1575 nouem
699 1502 807 1576 beltis
825 1542 834 1559 ·
852 1500 948 1573 Item
967 1497 1052 1572 sunt
1067 1496 1128 1570 sex
1147 1497 1229 1572 albe
1245 1500 1292 1571 de
1308 1500 1518 1573 melioribus
1534 1542 1542 1558 ·

435 1616 532 1689 Item
562 1617 730 1687 undecim
756 1615 801 1687 de
826 1614 906 1707 alijs
931 1612 1024 1685 albia
1039 1613 1202 1707 exceptis
1219 1613 1311 1685 albis
1326 1610 1567 1687 existentibus
1582 1618 1628 1689 ad
1646 1620 1782 1693 altaria

484 1727 595 1801 sandi
624 1726 818 1799 Michaelis
838 1764 847 1783 ·
870 1724 979 1799 sandi
1005 1724 1183 1798 Johannie
1208 1722 1455 1821 euuangeliste
1480 1769 1489 1785 ·
1516 1726 1636 1801 unce
1663 1728 1786 1805 Kate-

484 1842 562 1913 rine
579 1882 588 1899 ·
606 1838 716 1913 sancti
734 1839 913 1912 Columba
929 1838 1071 1910 abbatia
1088 1846 1127 1909 et
1143 1838 1284 1933 capelle
1300 1839 1439 1911 domini
1464 1838 1576 1913 nestri
1592 1844 1756 1941 episcopi
1774 1887 1784 1905 ·

484 1963 522 2026 et
545 1953 627 2025 alba
643 1954 767 2025 altaria
787 1947 907 2023 nostre
932 1950 1079 2022 domiue
1103 1960 1273 2023 mutuata
1297 1954 1444 2025 domino
1462 1950 1656 2026 Willelmo
1674 1956 1787 2053 Lessy

485 2066 594 2138 militi
619 2090 684 2161 per
718 2066 904 2135 dominum
935 2062 1142 2157 episcopum
1168 2086 1252 2136 cnm
1278 2061 1398 2137 casula
1430 2076 1469 2137 et
1501 2070 1633 2139 cetaria
1658 2070 1788 2143 neces-

485 2200 595 2272 arus·

1032 2512 1160 2585 Carra
1177 2553 1185 2571 ·

437 2742 482 2813 ln
499 2742 624 2837 primis
641 2764 712 2813 vna
729 2763 842 2834 cappa
859 2741 1031 2811 deaurata
1047 2762 1130 2811 cnm
1147 2760 1219 2810 vno
1236 2738 1341 2811 bukil
1366 2742 1412 2813 de
1436 2754 1587 2837 argento
1606 2748 1787 2822 deaurato

486 2877 550 2949 pro
567 2856 713 2925 domino
730 2850 851 2925 nostro
868 2850 1033 2947 episcopo
1051 2892 1059 2909 ·

437 2966 533 3037 Item
558 2989 629 3039 vna
654 2990 766 3061 cappa
782 2966 895 3037 rubea
918 2965 1090 3037 deaurata
1106 2985 1190 3035 cum
1215 2966 1442 3059 ymaginibus
1471 2992 1553 3040 cnm
1587 2994 1658 3041 vno
1677 2974 1788 3048 bukil

488 3080 533 3151 de
551 3079 729 3151 auricalco
747 3079 919 3150 deaurato
936 3114 944 3133 ·

437 3191 534 3263 Item
553 3215 623 3263 vna
640 3214 753 3285 cappa
770 3190 901 3261 veridie
919 3211 1002 3261 cum
1020 3188 1110 3259 retia
1127 3188 1327 3262 deaurata·

437 3302 532 3376 Item
560 3327 630 3374 vna
656 3326 769 3397 cappa
793 3300 876 3374 alba
900 3303 945 3373 de
970 3298 1081 3373 serico
1106 3300 1279 3373 deaurata
1303 3302 1389 3373 data
1406 3326 1469 3396 per
1494 3306 1683 3379 dominum
1705 3313 1791 3385 Gil.

486 3417 630 3489 bertum
655 3413 887 3510 episcopum·

437 3528 534 3601 Item
561 3552 631 3601 vna
656 3550 769 3622 cappa
792 3528 904 3598 rubea
929 3524 1103 3598 deaurata
1127 3524 1174 3595 de
1201 3524 1324 3605 ,veluet
1358 3527 1444 3599 data
1468 3552 1533 3623 per
1567 3532 1786 3627 mugn'strum

485 3640 509 3711 J
512 3642 664 3714 acobum
683 3641 787 3735 Lynn
806 3680 814 3698 ·

437 3752 532 3825 Item
562 3754 632 3825 due
660 3776 771 3847 cappe
797 3751 878 3824 albe
904 3753 950 3823 de
974 3748 1088 3825 serico
1116 3751 1287 3823 deaurnte
1313 3752 1397 3824 date
1431 3778 1497 3847 per
1526 3756 1786 3835 Alexandrum

485 3864 715 3960 episcopum·

436 3977 533 4050 Item
568 4002 639 4050 vua
673 4000 786 4071 eappa
821 3977 952 4047 veridis
978 3976 1151 4047 deaurata
1176 3977 1262 4049 data
1286 4000 1351 4071 per
1379 3978 1588 4074 magIstrum
1616 3982 1791 4059 Alexan-

485 4094 589 4163 drum
606 4090 735 4185 Trayle
753 4124 760 4147 ι

436 4203 531 4276 Item
551 4228 621 4275 vna
646 4226 759 4297 eappa
783 4202 894 4274 rubea
920 4201 1093 4271 deaurata
1117 4200 1202 4272 data
1224 4223 1289 4293 per
1312 4203 1497 4275 dominum
1525 4206 1789 4285 Alexandrum

486 4315 716 4410 episcopum·
1499 4396 1507 4417 Ι

437 4428 533 4502 Item
568 4451 638 4499 vna
664 4450 777 4522 cappa
806 4426 918 4499 rubea
943 4426 1118 4498 deaurata
1151 4427 1237 4499 data
1263 4450 1326 4520 per
1358 4429 1546 4501 dominum
1573 4430 1791 4509 liebertum

487 4535 628 4611 Wille·
743 4566 745 4573 ·
