4050 5534
456 630 527 699 aae
940 622 1246 698 nnmsnnnm
1642 626 1794 721 [nom

559 821 667 897 Miffa
682 848 746 918 pro
763 826 883 899 anima
908 825 1045 897 domini
1065 823 1246 897 Wilieimi
1271 822 1522 920 Elpbynstonn
1540 824 1628 897 olim
1648 824 1794 899 redieris

558 939 603 1010 de
620 938 706 1011 Clat
721 948 778 1010 ter
802 940 840 1010 in
857 938 1058 1012 ebdomada
1073 936 1289 1010 celebranda
1303 938 1474 1011 videlieet
1491 934 1646 1011 secanda
1670 949 1796 1031 quarte

559 1061 598 1122 et
614 1050 716 1125 sexta
732 1048 830 1147 ferijs
848 1092 856 1109 ·

510 1176 568 1247 De
584 1178 689 1249 terris
703 1177 837 1248 domini
856 1176 901 1247 de
914 1172 1106 1248 Effilmont
1120 1173 1292 1249 soluendo
1308 1199 1374 1272 per
1389 1176 1547 1251 eundem
1564 1174 1603 1272 iij
1621 1177 1685 1247 lib.

560 1397 668 1476 Miisa
689 1424 753 1497 pro
778 1403 899 1473 anima
914 1401 1051 1472 domini
1076 1400 1253 1472 Jobannie
1270 1398 1461 1495 Malysane
1490 1402 1667 1497 capellani
1685 1412 1742 1474 ter
1757 1404 1792 1473 in

557 1516 757 1587 ebdomada
801 1513 1017 1587 celebranda
1050 1510 1219 1583 videlieet
1257 1509 1415 1586 secunda
1452 1517 1582 1608 quinta
1621 1514 1719 1611 ferije
1757 1525 1794 1586 et

509 1627 924 1813 Desbbbbbohonombilis
938 1738 1004 1809 viri
1018 1734 1180 1810 Giiberti
1191 1735 1340 1831 Men3ea
1350 1738 1439 1811 olim
1450 1736 1621 1833 prepositi
1630 1738 1793 1812 Aberdo-

458 1849 575 1925 neniis
593 1860 721 1923 vocato
737 1850 774 1945 ly
791 1851 900 1923 Braid
913 1850 1017 1923 Crost
1033 1850 1071 1945 iij
1090 1850 1154 1921 lib.

556 2073 665 2147 Miffa
692 2099 756 2171 pro
784 2076 903 2148 anima
928 2076 1065 2146 domini
1081 2075 1259 2148 Johannis
1284 2074 1452 2147 Fentoun
1477 2075 1654 2171 capellani
1679 2078 1792 2148 bisin

556 2188 754 2260 ebdomada
771 2187 984 2260 celebranda
1000 2186 1172 2259 videlicet
1187 2186 1344 2260 secunda
1359 2200 1399 2261 et
1415 2191 1543 2281 quinta
1559 2190 1658 2283 ferije
1675 2232 1685 2249 ·

507 2299 565 2371 De
582 2309 678 2373 bema
694 2301 831 2372 Thome
849 2295 1046 2372 Hartiheid
1073 2302 1215 2371 iacente
1237 2300 1330 2373 infra
1354 2302 1543 2374 ciuitatem
1560 2300 1795 2376 Aberdonen·

558 2636 665 2711 Mida
681 2638 892 2731 quotidiana
907 2659 971 2731 pro
989 2638 1110 2710 anima
1125 2634 1283 2732 magistri
1301 2635 1502 2711 Alexandri
1519 2638 1694 2733 Symsone
1710 2639 1794 2711 olim

555 2754 701 2825 redieris
718 2752 763 2823 de
782 2744 1002 2843 Monymuik
1022 2790 1030 2807 ·

507 2866 566 2938 De
590 2864 705 2937 orosto
734 2860 883 2933 Andree
910 2857 1074 2932 Brabnar
1099 2860 1163 2952 xiij
1191 2862 1221 2931 ἔ.
1251 2858 1301 2955 iiij
1333 2858 1370 2932 d.
1400 2884 1498 2934 nune
1525 2886 1611 2935 vero
1638 2863 1793 2938 Gilberti

458 2975 646 3073 Malysone
669 3014 677 3031 ·
704 2974 755 3047 Et
784 2975 830 3045 de
860 2972 975 3045 crofta
1005 2966 1127 3042 nostro
1155 2974 1194 3042 in
1229 2972 1395 3044 manibus
1428 2970 1587 3069 magistri
1619 2974 1793 3050 Jobannis

457 3092 630 3163 Gordoun
648 3090 789 3159 iacente
807 3092 911 3157 extra
927 3093 1069 3176 portam
1088 3083 1158 3154 viai
1175 3083 1354 3156 furcarum
1379 3108 1425 3156 ex
1450 3094 1554 3181 parte
1579 3089 1792 3161 occidentali

456 3204 542 3274 olim
560 3198 760 3272 Alexandri
778 3196 908 3291 Bynne
925 3196 988 3267 xlv
1005 3198 1036 3267 ἔ.
1061 3193 1112 3265 Et
1128 3197 1166 3266 in
1183 3195 1270 3267 vilia
1286 3196 1332 3267 de
1343 3194 1490 3290 Kyntor
1505 3197 1551 3270 de
1567 3200 1674 3269 terris
1690 3224 1792 3271 occu·

455 3317 549 3409 patie
574 3337 638 3409 per
661 3306 872 3407 Fergufium
897 3304 1133 3381 Hendersone
1162 3306 1277 3402 xxxiij
1304 3310 1334 3381 ἔ.
1379 3308 1429 3379 Et
1455 3310 1501 3381 de
1525 3312 1631 3381 terrie
1661 3312 1791 3385 ibidem

457 3426 640 3519 occupatis
664 3446 730 3518 per
754 3420 932 3491 Jacobum
959 3418 1054 3490 Duff
1072 3416 1135 3515 xiij
1171 3422 1200 3490 ἔ.
1255 3418 1306 3491 Et
1335 3443 1400 3514 per
1423 3420 1629 3494 Jobannem
1658 3421 1790 3517 Byffait

456 3652 590 3723 domini
608 3650 654 3719 de
671 3646 870 3719 Vatirtoun
888 3644 1088 3717 iacentibus
1106 3644 1143 3713 in
1162 3642 1199 3738 ly
1215 3642 1416 3740 Nevbrugh
1433 3643 1471 3739 iij
1489 3645 1551 3717 lib.

733 3758 883 3829 Summa
959 3798 966 3815 ·
1069 3812 1078 3827 .
1167 3754 1272 3826 xiib.
1290 3757 1350 3849 viij
1368 3759 1398 3829 ἔ.
1416 3752 1520 3851 iiijd.

555 3980 662 4056 Mida
678 3982 887 4077 quotidiana
897 4004 961 4074 pro
979 3982 1101 4053 anima
1117 3978 1275 4076 magistri
1285 3980 1413 4053 Jaaobi
1428 3980 1616 4075 Lyndesay
1629 3986 1787 4055 canonici

554 4089 821 4168 Aberdonenfia
846 4102 885 4164 et
906 4092 1148 4165 anniuersario
1173 4090 1331 4164 eiusdem
1357 4094 1403 4163 de
1428 4094 1534 4163 terrie
1559 4091 1788 4188 infrascriptis

506 4207 830 4392 Dglbirblfltbetsande
849 4318 968 4389 Mnrie
994 4326 1169 4409 occupato
1191 4339 1256 4409 per
1273 4316 1453 4407 quondam
1471 4316 1656 4388 Andream
1675 4318 1788 4411 Dorty

455 4444 492 4505 et
513 4430 674 4526 sponsam
702 4432 779 4501 eius
805 4453 854 4500 xx
880 4431 910 4501 ἔ.
962 4426 1012 4499 Et
1029 4428 1075 4498 de
1092 4438 1188 4499 terra
1203 4426 1382 4499 Jobannia
1398 4427 1493 4523 Crag
1517 4430 1555 4498 in
1581 4427 1788 4502 Aberdonia

340 4634 347 4647 ¹
453 4546 491 4617 xl
508 4548 537 4617 ἔ.
590 4543 639 4614 Et
665 4543 710 4614 de
735 4538 919 4611 mansione
935 4535 1093 4634 magistri
1112 4537 1292 4610 Willelmi
1314 4539 1400 4633 Hay
1415 4539 1563 4612 redieris
1585 4542 1632 4613 de
1657 4542 1787 4614 Drum-
