4050 5534
459 596 538 691 iao
638 582 643 589 ’
898 569 901 575 ’
973 610 1279 685 nncisrauii
1643 612 1793 707 [secun

457 818 653 890 eorundem
675 814 854 887 Jocalium
879 810 1058 885 destrutta
1074 811 1231 885 alienata
1254 823 1362 905 rupta
1386 820 1426 883 et
1450 812 1563 883 naua
1586 834 1628 882 ac
1646 810 1794 881 detenta

457 932 602 1002 iiierant
618 932 656 999 in
674 930 872 999 animarum
886 923 1029 997 suarum
1045 947 1120 996 non
1132 925 1324 994 minimum
1337 924 1539 1017 periculum
1551 932 1591 993 et
1607 926 1720 994 totius
1736 947 1793 993 ec·

457 1038 564 1113 elesie
593 1042 792 1111 maximnm
809 1036 1016 1109 scandalum
1041 1045 1080 1108 et
1101 1038 1360 1108 detrimentum
1386 1045 1512 1109 contra
1536 1036 1655 1130 legem
1672 1036 1730 1105 dei
1754 1045 1791 1105 et

457 1155 612 1225 hominis
629 1151 861 1245 sacralegium
879 1149 1064 1243 publicum
1082 1149 1344 1220 committendo
1362 1159 1402 1219 ut
1418 1150 1512 1221 infra
1528 1148 1667 1242 patebit
1684 1190 1692 1204 ·

506 1266 549 1338 In
567 1266 691 1360 primis
708 1286 798 1333 unus
812 1261 906 1333 calix
924 1263 1065 1355 argenti
1078 1261 1193 1331 maior
1205 1256 1314 1355 ipsius
1331 1256 1480 1332 ecclesie
1497 1283 1580 1332 cum
1597 1270 1730 1354 patena
1745 1260 1790 1330 ab

454 1381 602 1472 antiquo
620 1372 801 1447 concellus
827 1375 994 1467 ponderis
1012 1374 1164 1444 duarum
1181 1373 1354 1444 librarum
1380 1383 1418 1444 et
1444 1394 1577 1446 nouem
1603 1373 1788 1444 unciamm

455 1493 610 1583 undique
628 1490 845 1560 deauratus·
894 1514 898 1523 ·

502 1602 691 1675 Secundus
708 1598 802 1671 calix
821 1599 962 1693 argenti
981 1598 1174 1668 deauratus
1191 1619 1274 1667 cum
1291 1607 1426 1690 patena
1442 1600 1614 1670 deaurata
1631 1620 1678 1667 ex
1695 1598 1788 1667 ariti-

452 1739 523 1808 quo
534 1711 698 1785 similiter
716 1711 882 1803 ponderis
898 1710 1003 1779 unius
1020 1707 1111 1779 libre
1128 1707 1267 1802 septem
1284 1713 1469 1783 unciarum
1486 1752 1494 1767 ·

500 1826 643 1899 Tertius
660 1824 755 1897 calix
780 1844 862 1895 cum
880 1832 1013 1916 patena
1029 1824 1169 1915 argenti
1195 1824 1355 1893 deaurati
1383 1824 1550 1915 ponderis
1566 1846 1612 1894 ex
1638 1823 1786 1912 antiqno

449 1950 489 2013 ut
505 1939 611 2033 supra
621 1939 726 2008 unius
743 1935 833 2007 libre
851 1932 914 2005 sex
931 1934 1116 2005 unciarum
1134 1975 1142 1990 ·

498 2052 657 2138 Quartus
673 2047 768 2120 calix
795 2069 878 2118 curn
903 2056 1035 2139 patena
1052 2049 1190 2139 argenti
1210 2048 1371 2117 deaurati
1389 2071 1436 2119 ex
1453 2048 1602 2139 antiquo
1618 2046 1785 2139 ponderis

449 2166 554 2236 unius
572 2162 663 2235 libre
681 2168 834 2253 quatuor
851 2150 1035 2229 unciarum
1053 2199 1060 2215 ·

497 2275 655 2361 Quintus
673 2271 768 2343 calix
786 2292 868 2339 cum
886 2280 1019 2373 patena
1035 2293 1082 2341 ex
1098 2281 1250 2365 argento
1267 2272 1440 2343 deaurato
1458 2272 1552 2341 dono
1569 2270 1784 2341 uenerabilis

446 2390 512 2457 uiri
539 2380 696 2479 magistri
714 2381 915 2452 Alexandri
940 2379 1080 2453 Culane
1105 2383 1192 2454 olim
1218 2385 1363 2454 rettoris
1380 2385 1426 2456 de
1444 2382 1549 2477 Oyne
1574 2406 1657 2453 cum
1674 2385 1782 2454 armis

446 2497 604 2569 eiusdem
622 2498 667 2567 de
685 2497 770 2566 data
781 2494 866 2565 anni
885 2492 1033 2564 Domini
1046 2490 1226 2566 millesimi
1245 2491 1520 2590 quingentesimi
1534 2492 1677 2588 septimi
1694 2518 1781 2589 pon-

444 2612 538 2683 deris
556 2612 707 2681 duarum
726 2606 897 2677 librarum
916 2608 1020 2677 unius
1036 2610 1141 2679 uncie
1159 2649 1167 2664 ·

494 2724 630 2795 Sextus
656 2720 749 2791 calix
776 2740 857 2789 cum
876 2726 1008 2811 patena
1034 2722 1174 2815 argenti
1195 2723 1357 2792 deaurati
1382 2722 1476 2793 dono
1494 2722 1587 2791 bone
1605 2721 1779 2807 memorie

442 2831 600 2930 magistri
612 2834 781 2904 Duncani
795 2829 946 2902 Scherar
960 2830 1047 2901 olim
1057 2832 1203 2903 redoris
1216 2834 1262 2903 de
1272 2832 1375 2905 Clatt
1385 2836 1523 2907 dedata
1532 2834 1618 2905 anni
1629 2831 1778 2902 Domini

441 2942 620 3019 millesimi
638 2937 977 3038 quadringentesimi
995 2939 1215 3039 nonagesimi
1232 2947 1350 3017 osani
1375 2947 1542 3041 ponderis
1559 2947 1663 3015 unius
1687 2942 1778 3014 libre

440 3061 576 3155 septem
595 3060 778 3129 unciarum
798 3096 805 3111 ·

490 3173 673 3265 Septimus
691 3170 785 3240 calix
802 3192 884 3240 cnm
903 3176 1035 3261 patena
1047 3172 1187 3263 argenti
1205 3170 1365 3241 deaurati
1377 3171 1471 3240 dono
1488 3171 1623 3242 domini
1640 3169 1664 3240 J
1667 3168 1776 3240 obau-

437 3287 492 3356 nis
499 3280 861 3373 Malisouncapellani
873 3282 918 3351 de
930 3278 1019 3352 Fola
1028 3284 1195 3375 ponderis
1203 3285 1307 3354 unius
1317 3281 1407 3353 libre
1418 3281 1555 3374 septem
1566 3283 1773 3353 unciarum·

488 3396 647 3467 Ottauus
664 3392 757 3465 calix
776 3414 858 3463 cuni
876 3402 1009 3485 patena
1031 3397 1171 3488 argenti
1189 3395 1357 3466 deaurati·
1369 3396 1463 3465 dono
1478 3384 1690 3467 sonorabilis
1706 3393 1773 3463 uiri

436 3505 593 3603 magistri
607 3505 755 3576 Andrce
769 3502 858 3597 Lyel
872 3504 958 3574 olim
976 3505 1183 3601 thesaurarij
1204 3504 1472 3579 Aberdoneiisis
1489 3508 1656 3601 ponderis
1667 3508 1772 3575 unius

436 3622 526 3693 libre
544 3622 649 3691 unius
668 3618 771 3688 uncie
790 3670 797 3685 .

485 3732 616 3803 Nonus
633 3729 727 3801 calix
748 3750 830 3799 cum
847 3739 980 3821 patena
998 3733 1139 3825 argenti
1166 3733 1327 3803 deaurati
1351 3734 1445 3803 dono
1464 3732 1678 3804 uenerabilis
1703 3732 1770 3802 uiri

433 3842 591 3940 magistri
607 3841 631 3911 J
633 3841 783 3912 ohannis
809 3840 975 3913 Flescber
991 3842 1079 3913 olim
1096 3843 1299 3937 cancellarij
1319 3840 1586 3915 Aberdonensis
1601 3845 1769 3937 ponderis

431 3961 536 4030 unius
553 3957 643 4027 libre
661 3955 772 4023 trium
790 3956 974 4024 unciarum
993 3978 1076 4026 cnm
1102 3957 1323 4028 dimediata·
1747 3980 1752 3985 “

480 4070 653 4142 Decimus
670 4064 764 4135 calix
782 4087 864 4135 oiim
877 4075 1010 4157 patena
1026 4069 1167 4162 argenti
1181 4069 1342 4139 deaurati
1359 4070 1453 4138 dono
1467 4068 1681 4140 venerabilis
1699 4070 1765 4139 uiri

430 4180 588 4278 magistri
614 4178 815 4249 Alexandri
843 4175 1020 4269 Symsonn
1038 4179 1125 4251 olini
1151 4178 1337 4252 rectorisa
1363 4176 1584 4273 Monymusk
1608 4180 1654 4251 de
1680 4182 1766 4254 data

428 4298 513 4369 anni
525 4286 705 4365 millesimi
719 4284 996 4383 quingentesimi
1010 4292 1140 4361 decimi
1153 4289 1245 4362 sexti
1262 4292 1429 4384 ponderis
1442 4292 1546 4362 unius
1557 4291 1648 4362 libre
1661 4296 1765 4385 qnin-

427 4408 544 4479 decim
561 4404 748 4473 unciarum
765 4421 847 4469 cum
866 4400 1062 4473 dimediata
1079 4404 1202 4475 uncia·

476 4512 661 4588 Postremo
679 4512 773 4583 calix
790 4509 958 4584 honestus
975 4516 1116 4608 argenti
1140 4536 1223 4587 cum
1241 4523 1373 4609 patena
1390 4515 1581 4586 deauratus
1595 4520 1763 4610 ponderis
