4050 5534
247 682 333 780 χι]
711 685 1115 763 nananonauss.
1516 699 1587 765 aas

244 885 435 959 antedictis
450 882 516 981 pro
533 890 689 982 quodam
705 913 826 962 annuo
844 890 987 962 redditu
1004 891 1109 963 nobis
1125 913 1190 984 per
1204 891 1385 986 prelatum
1409 889 1585 965 rectorem

243 994 404 1100 concello
429 1002 698 1096 imperpetuum
719 1046 728 1062 ·
746 1001 792 1073 lu
817 1001 919 1074 cuius
944 1004 996 1074 rei
1023 1000 1268 1074 testimouium
1297 1004 1390 1076 hano
1420 1004 1585 1076 cedulam

242 1111 409 1183 manibus
441 1110 570 1186 uostris
602 1110 869 1209 subscripsimus
901 1116 998 1210 apud
1028 1114 1203 1186 Aberdeu
1236 1114 1327 1208 xxiij
1363 1115 1421 1187 die
1454 1111 1585 1187 meniis

245 1219 375 1317 Marcij
392 1248 487 1297 anno
505 1225 654 1299 Domini
671 1247 815 1300 mcccc.
834 1221 1074 1322 obluagefimo
1092 1249 1187 1298 nono
1206 1265 1214 1284 ·

246 1333 424 1409 Dominus
451 1336 571 1412 Dauid
592 1335 713 1412 Waus
729 1347 875 1412 curatus
894 1338 939 1410 de
957 1336 1132 1410 Aberden
1149 1361 1260 1410 mauu
1285 1340 1428 1434 propria
1444 1377 1453 1394 ·
1471 1341 1585 1412 domi·

244 1469 312 1520 nus
325 1448 349 1519 J
351 1451 511 1522 ohannes
528 1450 752 1547 Stradachyu
770 1473 881 1523 mauu
898 1453 1062 1545 propria·
1081 1452 1248 1524 domiuus
1260 1450 1473 1524 Alexander
1485 1451 1584 1546 Gmy

244 1581 354 1632 manu
370 1564 530 1656 propria·
542 1565 708 1636 dominus
726 1563 900 1636 Mathsus
915 1561 1096 1658 Nicbolay
1113 1587 1223 1636 mauu
1240 1565 1383 1659 propria
1396 1607 1404 1624 ·
1417 1565 1583 1636 domiuus

243 1669 398 1745 Thomas
416 1673 551 1769 Herwy
567 1699 676 1748 manu
702 1677 870 1770 propria·
890 1674 1073 1746 Robcrtus
1100 1674 1184 1748 Leis
1209 1699 1320 1748 mauu
1344 1678 1488 1771 propria
1505 1717 1514 1735 ·
1533 1676 1583 1748 Et

244 1809 311 1882 ego
341 1785 509 1882 magister
534 1787 746 1861 Alexander
772 1787 859 1882 Fyff
880 1810 990 1859 mauu
1019 1788 1163 1881 propria
1189 1827 1197 1846 ·
1224 1786 1273 1859 Et
1298 1811 1365 1884 ego
1389 1787 1577 1862 Jobaunes

244 1898 464 1997 Streuelyng
480 1924 589 1973 manu
606 1903 769 1995 propria·
784 1899 834 1971 Et
851 1897 1131 1994 egoDuncanus
1150 1898 1278 1994 Nathy
1289 1923 1398 1972 mauu
1417 1903 1581 1995 propria·

244 2011 294 2084 Et
311 2036 379 2108 ego
397 2012 607 2103 Alexander
624 2011 721 2086 Olub
733 2036 842 2084 manu
856 2013 1000 2105 propria
1017 2051 1026 2069 ·
1045 2009 1124 2107 Ego
1140 2010 1296 2083 Thomas
1314 2010 1454 2085 Stanne
1471 2036 1582 2085 mauu

243 2127 384 2219 propria
395 2166 404 2183 ·
416 2124 495 2221 Ego
510 2123 717 2196 Willelmus
730 2120 966 2196 Crukscbauk
983 2146 1094 2195 manu
1106 2124 1267 2217 propria·
1280 2123 1359 2220 Ego
1370 2124 1583 2197 Alexander

243 2232 367 2332 Byllot
390 2260 500 2308 manu
526 2239 692 2330 propria·
712 2236 791 2331 ligo
816 2234 983 2308 Andreas
1007 2234 1145 2307 'l'home
1170 2258 1281 2306 mauu
1306 2237 1449 2330 propria
1470 2277 1478 2294 ·
1501 2237 1580 2334 Ego

242 2348 409 2422 Andreas
425 2347 524 2442 Gray
540 2371 650 2420 mauu
674 2348 842 2443 propria·
862 2345 941 2442 Ego
957 2345 1144 2419 Johannes
1164 2346 1250 2419 Prat
1275 2371 1385 2419 mauu
1410 2352 1553 2442 propria
1570 2391 1578 2406 ·

244 2461 322 2557 Ego
348 2461 559 2533 Willelmus
584 2459 755 2556 Morysou
780 2483 892 2532 manu
918 2461 1061 2552 propria
1088 2503 1096 2520 ·
1123 2459 1201 2554 Ego
1226 2459 1412 2532 Jobauuos
1438 2457 1582 2555 Lytstar

243 2597 352 2646 manu
377 2575 519 2667 propria
534 2611 543 2630 ·
561 2571 640 2668 Ego
657 2571 824 2647 Andreas
841 2571 1032 2644 Cbawmer
1055 2593 1167 2644 mauu
1192 2573 1334 2667 propria
1350 2610 1358 2628 ·
1373 2571 1456 2668 Ego
1474 2571 1581 2669 Inge-

242 2709 362 2760 ramus
379 2709 486 2758 manu
504 2687 673 2779 propria·

243 3025 351 3097 Curta
366 3025 635 3121 priueligiorum
653 3025 813 3096 ciuitatis
829 3017 1112 3095 Abirdonenfis·
1211 3069 1212 3072 ,

241 3227 274 3324 J
276 3252 409 3324 acobus
425 3250 484 3322 dei
499 3251 617 3346 gratia
632 3272 698 3321 rex
712 3247 904 3322 Scotorum
921 3247 1088 3320 omnibus
1104 3245 1225 3340 probis
1241 3245 1448 3320 bominibus
1465 3251 1578 3320 totius

243 3374 337 3437 terre
353 3363 416 3436 sue
431 3363 570 3436 clericis
587 3369 626 3434 et
642 3360 742 3434 laicis
758 3359 911 3434 salutem
928 3357 1047 3432 sciatis
1064 3379 1130 3428 uos
1148 3379 1245 3428 nuno
1262 3357 1308 3428 ad
1325 3354 1481 3430 nostram
1498 3384 1578 3454 per-

242 3478 370 3550 fettam
396 3487 434 3549 et
458 3475 660 3572 legitimam
677 3483 836 3546 aetatem
862 3474 990 3569 viginti
1014 3470 1173 3564 quinque
1189 3491 1366 3542 annorum
1384 3467 1579 3544 existentes

242 3586 317 3685 post
329 3588 484 3662 nostram
500 3584 706 3684 generalem
719 3587 988 3658 reuocationem
1002 3583 1048 3654 de
1064 3580 1231 3652 omuibus
1249 3581 1502 3654 donationibus
1512 3608 1579 3678 per

241 3725 305 3775 nos
321 3698 511 3794 nostraque
527 3701 566 3770 in
584 3707 709 3770 tenera
722 3705 822 3769 etate
835 3698 928 3768 datis
938 3705 977 3768 et
994 3687 1165 3766 conoessis
1182 3691 1311 3765 auam
1325 3688 1435 3765 nostri
1448 3696 1579 3767 redux·

240 3813 301 3889 ille
312 3814 485 3889 memorie
495 3812 590 3906 quod
600 3811 704 3882 uobis
714 3806 906 3903 nostroque
916 3801 1061 3882 confilio
1072 3828 1136 3900 per
1146 3803 1294 3897 antiqua
1303 3799 1422 3876 nostra
1431 3803 1579 3901 registra

241 3941 278 4002 et
293 3928 382 4002 alias
398 3926 587 4000 euidenter
599 3922 873 4015 luculenterque
887 3916 1027 3993 constat
1040 3916 1220 4010 quondam
1233 3909 1486 3988 smuiffimum
1499 3941 1578 4012 pre.

241 4035 454 4115 decell'orem
461 4033 622 4108 nostrum
628 4033 945 4108 DauidScotorum
957 4053 1080 4127 regem
1091 4023 1374 4124 gloriofiffimum
1386 4029 1576 4105 infeodalle

240 4153 361 4227 villam
376 4152 421 4224 de
434 4148 646 4221 Abbirdona
659 4170 743 4219 cum
756 4146 885 4218 bondis
897 4155 936 4218 et
947 4141 1180 4238 pertinencijs
1198 4138 1378 4234 wlgariter
1395 4163 1577 4238 nuncupa.

240 4278 314 4340 tam
325 4264 401 4337 Ald
412 4262 616 4336 Abbirdoin
629 4261 667 4331 in
677 4256 799 4332 sedem
810 4255 1048 4351 episcopalem
1062 4263 1101 4324 et
1111 4251 1298 4323 ciuitatem
1310 4252 1576 4349 imperpetuum

240 4403 322 4452 cum
339 4374 506 4449 omuibus
521 4373 659 4445 iuribus
683 4370 912 4443 libertatibus
937 4376 975 4441 et
991 4359 1191 4462 priuilegijs
1207 4363 1253 4435 ad
1275 4365 1463 4438 ciuitatem
1480 4366 1579 4463 spec·
1714 4363 1718 4370 ’

239 4489 402 4564 tontibus
418 4483 602 4581 ipsamque
618 4483 742 4555 villam
767 4490 976 4577 reputamus
993 4489 1033 4551 et
1050 4475 1273 4550 declaramus
1291 4471 1339 4549 lio
1356 4478 1576 4554 infeodatam

240 4601 309 4677 elib
325 4611 364 4674 et
380 4594 483 4672 suille
500 4609 538 4671 et
551 4596 703 4670 eandem
721 4595 832 4669 etiam
846 4595 891 4667 de
903 4616 999 4666 nouo
1017 4613 1082 4663 nos
1095 4611 1192 4661 nuno
1209 4587 1255 4660 ad
1271 4583 1427 4663 nostram
1441 4594 1579 4685 perisc-
