<?xml version="1.0" encoding="UTF-8"?>
<!DOCTYPE html PUBLIC "-//W3C//DTD XHTML 1.0 Transitional//EN"
    "http://www.w3.org/TR/xhtml1/DTD/xhtml1-transitional.dtd">
<html xmlns="http://www.w3.org/1999/xhtml" xml:lang="en" lang="en">
 <head>
  <title>
</title>
<meta http-equiv="Content-Type" content="text/html;charset=utf-8" />
  <meta name='ocr-system' content='tesseract 3.04.00' />
  <meta name='ocr-capabilities' content='ocr_page ocr_carea ocr_par ocr_line ocrx_word'/>
</head>
<body>
  <div class='ocr_page' id='page_1' title='image "./registrumepisco02innegoog_0170.png"; bbox 0 0 4050 5534; ppageno 0'>
   <div class='ocr_carea' id='block_1_1' title="bbox 449 621 1786 723">
    <p class='ocr_par' dir='ltr' id='par_1_1' title="bbox 449 621 1786 723">
     <span class='ocr_line' id='line_1_1' title="bbox 449 621 1786 723; baseline 0.001 -25"><span class='ocrx_word' id='word_1_1' title='bbox 449 629 518 700; x_wconf 90' lang='lat'>106</span> <span class='ocrx_word' id='word_1_2' title='bbox 963 621 1270 698; x_wconf 86' lang='lat' dir='ltr'>REGIS&#39;I&#39;RUM</span> <span class='ocrx_word' id='word_1_3' title='bbox 1634 628 1786 723; x_wconf 79' lang='lat' dir='ltr'>[secum</span> 
     </span>
    </p>
   </div>
   <div class='ocr_carea' id='block_1_2' title="bbox 448 819 1790 2044">
    <p class='ocr_par' dir='ltr' id='par_1_2' title="bbox 448 819 1790 2044">
     <span class='ocr_line' id='line_1_2' title="bbox 448 819 1790 920; baseline 0.001 -22"><span class='ocrx_word' id='word_1_4' title='bbox 448 825 577 898; x_wconf 89' lang='lat' dir='ltr'>ralium</span> <span class='ocrx_word' id='word_1_5' title='bbox 604 825 754 918; x_wconf 89' lang='lat' dir='ltr'>capituli</span> <span class='ocrx_word' id='word_1_6' title='bbox 771 832 810 896; x_wconf 91' lang='lat' dir='ltr'>et</span> <span class='ocrx_word' id='word_1_7' title='bbox 826 820 946 896; x_wconf 88' lang='lat' dir='ltr'>nostre</span> <span class='ocrx_word' id='word_1_8' title='bbox 968 823 1114 896; x_wconf 91' lang='lat' dir='ltr'>domine</span> <span class='ocrx_word' id='word_1_9' title='bbox 1131 823 1165 918; x_wconf 67' lang='lat' dir='ltr'>iq</span> <span class='ocrx_word' id='word_1_10' title='bbox 1183 821 1218 895; x_wconf 78' lang='lat' dir='ltr'>sl.</span> <span class='ocrx_word' id='word_1_11' title='bbox 1237 823 1296 918; x_wconf 88' lang='lat' dir='ltr'>viij</span> <span class='ocrx_word' id='word_1_12' title='bbox 1324 819 1360 896; x_wconf 87' lang='lat' dir='ltr'>d.</span> <span class='ocrx_word' id='word_1_13' title='bbox 1387 822 1481 898; x_wconf 90' lang='lat' dir='ltr'>Item</span> <span class='ocrx_word' id='word_1_14' title='bbox 1509 847 1574 920; x_wconf 90' lang='lat' dir='ltr'>pro</span> <span class='ocrx_word' id='word_1_15' title='bbox 1599 822 1790 900; x_wconf 86' lang='lat' dir='ltr'>stillicidiis</span> 
     </span>
     <span class='ocr_line' id='line_1_3' title="bbox 448 932 1788 1032; baseline 0.004 -25"><span class='ocrx_word' id='word_1_16' title='bbox 448 935 629 1010; x_wconf 86' lang='lat' dir='ltr'>semandis</span> <span class='ocrx_word' id='word_1_17' title='bbox 658 937 693 1031; x_wconf 81' lang='lat' dir='ltr'>vj</span> <span class='ocrx_word' id='word_1_18' title='bbox 723 934 759 1008; x_wconf 75' lang='lat' dir='ltr'>sl.</span> <span class='ocrx_word' id='word_1_19' title='bbox 786 937 849 1032; x_wconf 82' lang='lat' dir='ltr'>viij</span> <span class='ocrx_word' id='word_1_20' title='bbox 876 932 912 1008; x_wconf 84' lang='lat' dir='ltr'>d.</span> <span class='ocrx_word' id='word_1_21' title='bbox 948 935 1045 1008; x_wconf 85' lang='lat' dir='ltr'>Item</span> <span class='ocrx_word' id='word_1_22' title='bbox 1075 958 1140 1031; x_wconf 90' lang='lat' dir='ltr'>pro</span> <span class='ocrx_word' id='word_1_23' title='bbox 1167 937 1380 1009; x_wconf 82' lang='lat' dir='ltr'>detentione</span> <span class='ocrx_word' id='word_1_24' title='bbox 1409 937 1658 1027; x_wconf 79' lang='lat' dir='ltr'>columbarum</span> <span class='ocrx_word' id='word_1_25' title='bbox 1683 948 1788 1012; x_wconf 87' lang='lat' dir='ltr'>extra</span> 
     </span>
     <span class='ocr_line' id='line_1_4' title="bbox 450 1045 1787 1144; baseline -0.001 -21"><span class='ocrx_word' id='word_1_26' title='bbox 450 1048 635 1126; x_wconf 83' lang='lat' dir='ltr'>ecelesiam</span> <span class='ocrx_word' id='word_1_27' title='bbox 660 1050 695 1144; x_wconf 77' lang='lat' dir='ltr'>vj</span> <span class='ocrx_word' id='word_1_28' title='bbox 720 1047 755 1120; x_wconf 76' lang='lat' dir='ltr'>sl.</span> <span class='ocrx_word' id='word_1_29' title='bbox 783 1051 843 1144; x_wconf 87' lang='lat' dir='ltr'>viij</span> <span class='ocrx_word' id='word_1_30' title='bbox 869 1045 905 1122; x_wconf 86' lang='lat' dir='ltr'>d.</span> <span class='ocrx_word' id='word_1_31' title='bbox 940 1049 1038 1122; x_wconf 84' lang='lat' dir='ltr'>Item</span> <span class='ocrx_word' id='word_1_32' title='bbox 1068 1072 1090 1120; x_wconf 96' lang='lat' dir='ltr'>a</span> <span class='ocrx_word' id='word_1_33' title='bbox 1119 1048 1282 1142; x_wconf 90' lang='lat' dir='ltr'>quolibet</span> <span class='ocrx_word' id='word_1_34' title='bbox 1316 1050 1489 1123; x_wconf 80' lang='lat' dir='ltr'>canonIoo</span> <span class='ocrx_word' id='word_1_35' title='bbox 1521 1047 1787 1124; x_wconf 87' lang='lat' dir='ltr'>institutionem</span> 
     </span>
     <span class='ocr_line' id='line_1_5' title="bbox 449 1159 1787 1259; baseline -0.001 -22"><span class='ocrx_word' id='word_1_36' title='bbox 449 1165 647 1259; x_wconf 84' lang='lat' dir='ltr'>recipiente</span> <span class='ocrx_word' id='word_1_37' title='bbox 672 1164 711 1234; x_wconf 92' lang='lat' dir='ltr'>in</span> <span class='ocrx_word' id='word_1_38' title='bbox 736 1162 896 1258; x_wconf 90' lang='lat' dir='ltr'>capitulo</span> <span class='ocrx_word' id='word_1_39' title='bbox 913 1163 947 1256; x_wconf 87' lang='lat' dir='ltr'>vj</span> <span class='ocrx_word' id='word_1_40' title='bbox 964 1159 1001 1234; x_wconf 80' lang='lat' dir='ltr'>sl.</span> <span class='ocrx_word' id='word_1_41' title='bbox 1019 1162 1079 1256; x_wconf 84' lang='lat' dir='ltr'>viij</span> <span class='ocrx_word' id='word_1_42' title='bbox 1097 1159 1134 1234; x_wconf 85' lang='lat' dir='ltr'>d.</span> <span class='ocrx_word' id='word_1_43' title='bbox 1160 1160 1256 1234; x_wconf 87' lang='lat' dir='ltr'>Item</span> <span class='ocrx_word' id='word_1_44' title='bbox 1282 1185 1304 1234; x_wconf 89' lang='lat' dir='ltr'>a</span> <span class='ocrx_word' id='word_1_45' title='bbox 1328 1161 1492 1256; x_wconf 89' lang='lat' dir='ltr'>quolibet</span> <span class='ocrx_word' id='word_1_46' title='bbox 1517 1166 1690 1238; x_wconf 87' lang='lat' dir='ltr'>eanonioo</span> <span class='ocrx_word' id='word_1_47' title='bbox 1707 1161 1787 1236; x_wconf 82' lang='lat' dir='ltr'>mis-</span> 
     </span>
     <span class='ocr_line' id='line_1_6' title="bbox 449 1273 1788 1370; baseline -0.001 -22"><span class='ocrx_word' id='word_1_48' title='bbox 449 1276 524 1349; x_wconf 89' lang='lat' dir='ltr'>sam</span> <span class='ocrx_word' id='word_1_49' title='bbox 541 1278 600 1348; x_wconf 88' lang='lat' dir='ltr'>die</span> <span class='ocrx_word' id='word_1_50' title='bbox 616 1275 767 1348; x_wconf 82' lang='lat' dir='ltr'>solemni</span> <span class='ocrx_word' id='word_1_51' title='bbox 785 1275 994 1348; x_wconf 83' lang='lat' dir='ltr'>celebrante</span> <span class='ocrx_word' id='word_1_52' title='bbox 1010 1275 1045 1368; x_wconf 75' lang='lat' dir='ltr'>vj</span> <span class='ocrx_word' id='word_1_53' title='bbox 1065 1273 1101 1346; x_wconf 88' lang='lat' dir='ltr'>d.</span> <span class='ocrx_word' id='word_1_54' title='bbox 1127 1273 1224 1346; x_wconf 91' lang='lat' dir='ltr'>Item</span> <span class='ocrx_word' id='word_1_55' title='bbox 1248 1297 1313 1368; x_wconf 90' lang='lat' dir='ltr'>pro</span> <span class='ocrx_word' id='word_1_56' title='bbox 1330 1275 1524 1370; x_wconf 73' lang='lat' dir='ltr'>purgandis</span> <span class='ocrx_word' id='word_1_57' title='bbox 1542 1289 1582 1348; x_wconf 90' lang='lat' dir='ltr'>et</span> <span class='ocrx_word' id='word_1_58' title='bbox 1597 1277 1788 1349; x_wconf 88' lang='lat' dir='ltr'>intenden-</span> 
     </span>
     <span class='ocr_line' id='line_1_7' title="bbox 451 1383 1789 1482; baseline -0.001 -22"><span class='ocrx_word' id='word_1_59' title='bbox 451 1390 506 1460; x_wconf 92' lang='lat' dir='ltr'>dis</span> <span class='ocrx_word' id='word_1_60' title='bbox 524 1384 613 1460; x_wconf 75' lang='lat' dir='ltr'>vasis</span> <span class='ocrx_word' id='word_1_61' title='bbox 633 1389 734 1460; x_wconf 88' lang='lat' dir='ltr'>eneis</span> <span class='ocrx_word' id='word_1_62' title='bbox 757 1384 907 1460; x_wconf 76' lang='lat' dir='ltr'>ecclesie</span> <span class='ocrx_word' id='word_1_63' title='bbox 923 1388 958 1480; x_wconf 79' lang='lat' dir='ltr'>vj</span> <span class='ocrx_word' id='word_1_64' title='bbox 975 1385 1010 1459; x_wconf 80' lang='lat' dir='ltr'>sl.</span> <span class='ocrx_word' id='word_1_65' title='bbox 1029 1388 1090 1482; x_wconf 87' lang='lat' dir='ltr'>viij</span> <span class='ocrx_word' id='word_1_66' title='bbox 1108 1384 1145 1459; x_wconf 79' lang='lat' dir='ltr'>d.</span> <span class='ocrx_word' id='word_1_67' title='bbox 1171 1386 1268 1458; x_wconf 89' lang='lat' dir='ltr'>Item</span> <span class='ocrx_word' id='word_1_68' title='bbox 1293 1395 1416 1480; x_wconf 89' lang='lat' dir='ltr'>preter</span> <span class='ocrx_word' id='word_1_69' title='bbox 1440 1387 1505 1460; x_wconf 86' lang='lat' dir='ltr'>bas</span> <span class='ocrx_word' id='word_1_70' title='bbox 1529 1383 1686 1462; x_wconf 88' lang='lat' dir='ltr'>summas</span> <span class='ocrx_word' id='word_1_71' title='bbox 1710 1411 1789 1482; x_wconf 89' lang='lat' dir='ltr'>per·</span> 
     </span>
     <span class='ocr_line' id='line_1_8' title="bbox 451 1494 1789 1596; baseline 0.001 -23"><span class='ocrx_word' id='word_1_72' title='bbox 451 1503 562 1596; x_wconf 88' lang='lat' dir='ltr'>cipiet</span> <span class='ocrx_word' id='word_1_73' title='bbox 579 1501 821 1573; x_wconf 87' lang='lat' dir='ltr'>communiam</span> <span class='ocrx_word' id='word_1_74' title='bbox 846 1523 930 1574; x_wconf 87' lang='lat' dir='ltr'>oum</span> <span class='ocrx_word' id='word_1_75' title='bbox 954 1499 1150 1594; x_wconf 89' lang='lat' dir='ltr'>capellanis</span> <span class='ocrx_word' id='word_1_76' title='bbox 1174 1495 1250 1592; x_wconf 92' lang='lat' dir='ltr'>ipso</span> <span class='ocrx_word' id='word_1_77' title='bbox 1275 1494 1489 1571; x_wconf 91' lang='lat' dir='ltr'>obseruante</span> <span class='ocrx_word' id='word_1_78' title='bbox 1513 1497 1678 1593; x_wconf 87' lang='lat' dir='ltr'>premissa</span> <span class='ocrx_word' id='word_1_79' title='bbox 1702 1500 1789 1574; x_wconf 85' lang='lat' dir='ltr'>alias</span> 
     </span>
     <span class='ocr_line' id='line_1_9' title="bbox 451 1607 1788 1707; baseline 0 -23"><span class='ocrx_word' id='word_1_80' title='bbox 451 1635 677 1707; x_wconf 85' lang='lat' dir='ltr'>nequaquam</span> <span class='ocrx_word' id='word_1_81' title='bbox 702 1613 916 1684; x_wconf 90' lang='lat' dir='ltr'>admittatur</span> <span class='ocrx_word' id='word_1_82' title='bbox 940 1611 1121 1705; x_wconf 86' lang='lat' dir='ltr'>nequead</span> <span class='ocrx_word' id='word_1_83' title='bbox 1139 1611 1274 1683; x_wconf 70' lang='lat' dir='ltr'>difium</span> <span class='ocrx_word' id='word_1_84' title='bbox 1301 1611 1458 1683; x_wconf 89' lang='lat' dir='ltr'>officium</span> <span class='ocrx_word' id='word_1_85' title='bbox 1483 1613 1699 1685; x_wconf 87' lang='lat' dir='ltr'>admittatur</span> <span class='ocrx_word' id='word_1_86' title='bbox 1723 1607 1788 1684; x_wconf 88' lang='lat' dir='ltr'>nisi</span> 
     </span>
     <span class='ocr_line' id='line_1_10' title="bbox 452 1720 1790 1820; baseline -0.001 -24"><span class='ocrx_word' id='word_1_87' title='bbox 452 1727 593 1820; x_wconf 86' lang='lat' dir='ltr'>prefata</span> <span class='ocrx_word' id='word_1_88' title='bbox 607 1723 644 1796; x_wconf 91' lang='lat' dir='ltr'>se</span> <span class='ocrx_word' id='word_1_89' title='bbox 661 1721 932 1796; x_wconf 91' lang='lat' dir='ltr'>obseruaturum</span> <span class='ocrx_word' id='word_1_90' title='bbox 958 1725 1133 1796; x_wconf 89' lang='lat' dir='ltr'>iurauerit</span> <span class='ocrx_word' id='word_1_91' title='bbox 1149 1733 1188 1794; x_wconf 89' lang='lat' dir='ltr'>et</span> <span class='ocrx_word' id='word_1_92' title='bbox 1205 1723 1411 1794; x_wconf 89' lang='lat' dir='ltr'>cautionem</span> <span class='ocrx_word' id='word_1_93' title='bbox 1435 1720 1672 1796; x_wconf 85' lang='lat' dir='ltr'>sufficientem</span> <span class='ocrx_word' id='word_1_94' title='bbox 1688 1726 1790 1796; x_wconf 92' lang='lat' dir='ltr'>iuue-</span> 
     </span>
     <span class='ocr_line' id='line_1_11' title="bbox 451 1829 1790 1931; baseline -0.001 -21"><span class='ocrx_word' id='word_1_95' title='bbox 451 1840 548 1911; x_wconf 90' lang='lat' dir='ltr'>nerit</span> <span class='ocrx_word' id='word_1_96' title='bbox 564 1861 611 1910; x_wconf 92' lang='lat' dir='ltr'>ne</span> <span class='ocrx_word' id='word_1_97' title='bbox 628 1837 723 1910; x_wconf 90' lang='lat' dir='ltr'>bona</span> <span class='ocrx_word' id='word_1_98' title='bbox 739 1833 888 1909; x_wconf 76' lang='lat' dir='ltr'>ecclesie</span> <span class='ocrx_word' id='word_1_99' title='bbox 913 1837 1196 1931; x_wconf 80' lang='lat' dir='ltr'>dilapidarentur</span> <span class='ocrx_word' id='word_1_100' title='bbox 1215 1829 1274 1906; x_wconf 90' lang='lat' dir='ltr'>sur</span> <span class='ocrx_word' id='word_1_101' title='bbox 1299 1835 1565 1908; x_wconf 88' lang='lat' dir='ltr'>deteriorentur</span> <span class='ocrx_word' id='word_1_102' title='bbox 1590 1838 1668 1910; x_wconf 86' lang='lat' dir='ltr'>eius</span> <span class='ocrx_word' id='word_1_103' title='bbox 1684 1837 1790 1931; x_wconf 85' lang='lat' dir='ltr'>culpa</span> 
     </span>
     <span class='ocr_line' id='line_1_12' title="bbox 453 1949 1097 2044; baseline -0.006 -21"><span class='ocrx_word' id='word_1_104' title='bbox 453 1959 517 2023; x_wconf 89' lang='lat' dir='ltr'>aut</span> <span class='ocrx_word' id='word_1_105' title='bbox 534 1949 805 2042; x_wconf 89' lang='lat' dir='ltr'>quomodolibet</span> <span class='ocrx_word' id='word_1_106' title='bbox 830 1949 1097 2044; x_wconf 90' lang='lat' dir='ltr'>deperdentur·</span> 
     </span>
    </p>
   </div>
   <div class='ocr_carea' id='block_1_3' title="bbox 748 2128 1490 2202">
    <p class='ocr_par' dir='ltr' id='par_1_3' title="bbox 748 2128 1490 2202">
     <span class='ocr_line' id='line_1_13' title="bbox 748 2128 1490 2202; baseline -0.003 0"><span class='ocrx_word' id='word_1_107' title='bbox 748 2128 1097 2202; x_wconf 72' lang='lat' dir='ltr'>Cousfflurlonurt</span> <span class='ocrx_word' id='word_1_108' title='bbox 1123 2128 1332 2202; x_wconf 76' lang='lat' dir='ltr'>W1nnnnu1</span> <span class='ocrx_word' id='word_1_109' title='bbox 1360 2150 1461 2202; x_wconf 78' lang='lat' dir='ltr'>FINIS</span> <span class='ocrx_word' id='word_1_110' title='bbox 1482 2171 1490 2186; x_wconf 94' lang='lat'><strong>·</strong></span> 
     </span>
    </p>
   </div>
   <div class='ocr_carea' id='block_1_4' title="bbox 453 2372 1046 2461">
    <p class='ocr_par' dir='ltr' id='par_1_4' title="bbox 453 2372 1046 2461">
     <span class='ocr_line' id='line_1_14' title="bbox 453 2372 1046 2461; baseline -0.003 -1"><span class='ocrx_word' id='word_1_111' title='bbox 453 2387 512 2461; x_wconf 87' lang='lat' dir='ltr'>De</span> <span class='ocrx_word' id='word_1_112' title='bbox 528 2386 625 2458; x_wconf 90' lang='lat' dir='ltr'>boris</span> <span class='ocrx_word' id='word_1_113' title='bbox 642 2372 775 2458; x_wconf 83' lang='lat' dir='ltr'>diuInis</span> <span class='ocrx_word' id='word_1_114' title='bbox 795 2385 1019 2458; x_wconf 82' lang='lat' dir='ltr'>celebrandis</span> <span class='ocrx_word' id='word_1_115' title='bbox 1038 2425 1046 2442; x_wconf 94' lang='lat'><strong>·</strong></span> 
     </span>
    </p>
   </div>
   <div class='ocr_carea' id='block_1_5' title="bbox 449 2602 1801 4628">
    <p class='ocr_par' dir='ltr' id='par_1_5' title="bbox 449 2602 1801 4628">
     <span class='ocr_line' id='line_1_15' title="bbox 454 2602 1794 2720; baseline 0.002 -23"><span class='ocrx_word' id='word_1_116' title='bbox 454 2602 666 2698; x_wconf 86' lang='lat' dir='ltr'>Statuimus</span> <span class='ocrx_word' id='word_1_117' title='bbox 695 2646 780 2717; x_wconf 84' lang='lat' dir='ltr'>ergo</span> <span class='ocrx_word' id='word_1_118' title='bbox 805 2633 845 2694; x_wconf 90' lang='lat' dir='ltr'>et</span> <span class='ocrx_word' id='word_1_119' title='bbox 870 2624 1077 2695; x_wconf 83' lang='lat' dir='ltr'>ordinamus</span> <span class='ocrx_word' id='word_1_120' title='bbox 1103 2624 1200 2716; x_wconf 92' lang='lat' dir='ltr'>quod</span> <span class='ocrx_word' id='word_1_121' title='bbox 1226 2646 1351 2697; x_wconf 90' lang='lat' dir='ltr'>omnes</span> <span class='ocrx_word' id='word_1_122' title='bbox 1377 2625 1620 2720; x_wconf 85' lang='lat' dir='ltr'>ebdomadarij</span> <span class='ocrx_word' id='word_1_123' title='bbox 1649 2625 1794 2700; x_wconf 93' lang='lat' dir='ltr'>diaconi</span> 
     </span>
     <span class='ocr_line' id='line_1_16' title="bbox 451 2733 1794 2832; baseline 0.001 -23"><span class='ocrx_word' id='word_1_124' title='bbox 451 2749 489 2810; x_wconf 92' lang='lat' dir='ltr'>et</span> <span class='ocrx_word' id='word_1_125' title='bbox 516 2736 721 2809; x_wconf 83' lang='lat' dir='ltr'>subdiaconi</span> <span class='ocrx_word' id='word_1_126' title='bbox 748 2745 787 2806; x_wconf 91' lang='lat' dir='ltr'>et</span> <span class='ocrx_word' id='word_1_127' title='bbox 812 2735 991 2830; x_wconf 91' lang='lat' dir='ltr'>capellani</span> <span class='ocrx_word' id='word_1_128' title='bbox 1024 2733 1145 2808; x_wconf 88' lang='lat' dir='ltr'>nostre</span> <span class='ocrx_word' id='word_1_129' title='bbox 1179 2737 1325 2809; x_wconf 91' lang='lat' dir='ltr'>domine</span> <span class='ocrx_word' id='word_1_130' title='bbox 1359 2737 1538 2832; x_wconf 88' lang='lat' dir='ltr'>capellani</span> <span class='ocrx_word' id='word_1_131' title='bbox 1572 2737 1794 2831; x_wconf 84' lang='lat' dir='ltr'>capitulares</span> 
     </span>
     <span class='ocr_line' id='line_1_17' title="bbox 453 2845 1795 2942; baseline 0.001 -21"><span class='ocrx_word' id='word_1_132' title='bbox 453 2859 618 2922; x_wconf 89' lang='lat' dir='ltr'>cantores</span> <span class='ocrx_word' id='word_1_133' title='bbox 635 2859 674 2921; x_wconf 89' lang='lat' dir='ltr'>et</span> <span class='ocrx_word' id='word_1_134' title='bbox 690 2848 750 2942; x_wconf 91' lang='lat' dir='ltr'>alij</span> <span class='ocrx_word' id='word_1_135' title='bbox 769 2849 976 2941; x_wconf 86' lang='lat' dir='ltr'>quicunque</span> <span class='ocrx_word' id='word_1_136' title='bbox 992 2849 1031 2919; x_wconf 91' lang='lat' dir='ltr'>iu</span> <span class='ocrx_word' id='word_1_137' title='bbox 1048 2848 1144 2920; x_wconf 75' lang='lat' dir='ltr'>dica</span> <span class='ocrx_word' id='word_1_138' title='bbox 1168 2845 1318 2922; x_wconf 80' lang='lat' dir='ltr'>ecclesa</span> <span class='ocrx_word' id='word_1_139' title='bbox 1335 2850 1490 2922; x_wconf 90' lang='lat' dir='ltr'>ordinati</span> <span class='ocrx_word' id='word_1_140' title='bbox 1516 2852 1737 2923; x_wconf 85' lang='lat' dir='ltr'>conueniant</span> <span class='ocrx_word' id='word_1_141' title='bbox 1755 2854 1795 2923; x_wconf 94' lang='lat' dir='ltr'>in</span> 
     </span>
     <span class='ocr_line' id='line_1_18' title="bbox 453 2957 1795 3056; baseline 0 -21"><span class='ocrx_word' id='word_1_142' title='bbox 453 2964 561 3036; x_wconf 88' lang='lat' dir='ltr'>choro</span> <span class='ocrx_word' id='word_1_143' title='bbox 578 2964 616 3034; x_wconf 96' lang='lat' dir='ltr'>in</span> <span class='ocrx_word' id='word_1_144' title='bbox 633 2960 818 3032; x_wconf 88' lang='lat' dir='ltr'>habitibus</span> <span class='ocrx_word' id='word_1_145' title='bbox 835 2957 908 3032; x_wconf 91' lang='lat' dir='ltr'>suis</span> <span class='ocrx_word' id='word_1_146' title='bbox 924 2961 1017 3032; x_wconf 91' lang='lat' dir='ltr'>citra</span> <span class='ocrx_word' id='word_1_147' title='bbox 1032 2959 1143 3031; x_wconf 91' lang='lat' dir='ltr'>finem</span> <span class='ocrx_word' id='word_1_148' title='bbox 1160 2958 1371 3054; x_wconf 82' lang='lat' dir='ltr'>pulsationis</span> <span class='ocrx_word' id='word_1_149' title='bbox 1388 2959 1543 3034; x_wconf 89' lang='lat' dir='ltr'>secunde</span> <span class='ocrx_word' id='word_1_150' title='bbox 1561 2985 1736 3056; x_wconf 89' lang='lat' dir='ltr'>campane</span> <span class='ocrx_word' id='word_1_151' title='bbox 1756 2973 1795 3036; x_wconf 89' lang='lat' dir='ltr'>et</span> 
     </span>
     <span class='ocr_line' id='line_1_19' title="bbox 452 3068 1795 3169; baseline 0.001 -23"><span class='ocrx_word' id='word_1_152' title='bbox 452 3076 548 3169; x_wconf 91' lang='lat' dir='ltr'>quod</span> <span class='ocrx_word' id='word_1_153' title='bbox 565 3073 733 3147; x_wconf 89' lang='lat' dir='ltr'>collocati</span> <span class='ocrx_word' id='word_1_154' title='bbox 750 3070 822 3143; x_wconf 89' lang='lat' dir='ltr'>fint</span> <span class='ocrx_word' id='word_1_155' title='bbox 838 3073 876 3143; x_wconf 93' lang='lat' dir='ltr'>iu</span> <span class='ocrx_word' id='word_1_156' title='bbox 894 3069 1009 3144; x_wconf 90' lang='lat' dir='ltr'>stallis</span> <span class='ocrx_word' id='word_1_157' title='bbox 1031 3070 1102 3144; x_wconf 92' lang='lat' dir='ltr'>suis</span> <span class='ocrx_word' id='word_1_158' title='bbox 1119 3083 1205 3146; x_wconf 89' lang='lat' dir='ltr'>ante</span> <span class='ocrx_word' id='word_1_159' title='bbox 1222 3073 1333 3146; x_wconf 90' lang='lat' dir='ltr'>finem</span> <span class='ocrx_word' id='word_1_160' title='bbox 1357 3068 1599 3168; x_wconf 71' lang='lat' dir='ltr'>supradidum</span> <span class='ocrx_word' id='word_1_161' title='bbox 1616 3072 1684 3146; x_wconf 95' lang='lat' dir='ltr'>sub</span> <span class='ocrx_word' id='word_1_162' title='bbox 1699 3099 1795 3169; x_wconf 89' lang='lat' dir='ltr'>pena</span> 
     </span>
     <span class='ocr_line' id='line_1_20' title="bbox 453 3181 1795 3283; baseline 0.001 -25"><span class='ocrx_word' id='word_1_163' title='bbox 453 3182 644 3258; x_wconf 91' lang='lat' dir='ltr'>cuiussibet</span> <span class='ocrx_word' id='word_1_164' title='bbox 669 3187 707 3255; x_wconf 92' lang='lat' dir='ltr'>in</span> <span class='ocrx_word' id='word_1_165' title='bbox 733 3181 824 3256; x_wconf 87' lang='lat' dir='ltr'>sesto</span> <span class='ocrx_word' id='word_1_166' title='bbox 853 3185 980 3256; x_wconf 90' lang='lat' dir='ltr'>maiori</span> <span class='ocrx_word' id='word_1_167' title='bbox 1009 3193 1048 3256; x_wconf 90' lang='lat' dir='ltr'>et</span> <span class='ocrx_word' id='word_1_168' title='bbox 1078 3184 1266 3281; x_wconf 90' lang='lat' dir='ltr'>principali</span> <span class='ocrx_word' id='word_1_169' title='bbox 1292 3185 1338 3256; x_wconf 88' lang='lat' dir='ltr'>de</span> <span class='ocrx_word' id='word_1_170' title='bbox 1361 3185 1524 3278; x_wconf 84' lang='lat' dir='ltr'>qualibet</span> <span class='ocrx_word' id='word_1_171' title='bbox 1548 3187 1637 3258; x_wconf 92' lang='lat' dir='ltr'>hora</span> <span class='ocrx_word' id='word_1_172' title='bbox 1661 3209 1795 3283; x_wconf 79' lang='lat' dir='ltr'>magna</span> 
     </span>
     <span class='ocr_line' id='line_1_21' title="bbox 452 3293 1795 3394; baseline 0.001 -24"><span class='ocrx_word' id='word_1_173' title='bbox 452 3302 514 3394; x_wconf 86' lang='lat' dir='ltr'>viij</span> <span class='ocrx_word' id='word_1_174' title='bbox 532 3297 568 3369; x_wconf 84' lang='lat' dir='ltr'>d.</span> <span class='ocrx_word' id='word_1_175' title='bbox 595 3308 633 3370; x_wconf 91' lang='lat' dir='ltr'>et</span> <span class='ocrx_word' id='word_1_176' title='bbox 650 3298 781 3368; x_wconf 91' lang='lat' dir='ltr'>minori</span> <span class='ocrx_word' id='word_1_177' title='bbox 806 3297 858 3390; x_wconf 89' lang='lat' dir='ltr'>iiij</span> <span class='ocrx_word' id='word_1_178' title='bbox 877 3293 914 3368; x_wconf 87' lang='lat' dir='ltr'>d.</span> <span class='ocrx_word' id='word_1_179' title='bbox 932 3337 940 3353; x_wconf 91' lang='lat'><strong>·</strong></span> <span class='ocrx_word' id='word_1_180' title='bbox 959 3295 1005 3368; x_wconf 93' lang='lat' dir='ltr'>In</span> <span class='ocrx_word' id='word_1_181' title='bbox 1033 3293 1133 3368; x_wconf 88' lang='lat' dir='ltr'>sestis</span> <span class='ocrx_word' id='word_1_182' title='bbox 1158 3295 1362 3390; x_wconf 87' lang='lat' dir='ltr'>duplicibus</span> <span class='ocrx_word' id='word_1_183' title='bbox 1380 3308 1418 3369; x_wconf 91' lang='lat' dir='ltr'>et</span> <span class='ocrx_word' id='word_1_184' title='bbox 1436 3298 1626 3370; x_wconf 87' lang='lat' dir='ltr'>dominicis</span> <span class='ocrx_word' id='word_1_185' title='bbox 1643 3299 1690 3370; x_wconf 90' lang='lat' dir='ltr'>de</span> <span class='ocrx_word' id='word_1_186' title='bbox 1706 3323 1795 3393; x_wconf 92' lang='lat' dir='ltr'>qua·</span> 
     </span>
     <span class='ocr_line' id='line_1_22' title="bbox 452 3405 1794 3504; baseline -0.001 -20"><span class='ocrx_word' id='word_1_187' title='bbox 452 3412 543 3484; x_wconf 93' lang='lat' dir='ltr'>libet</span> <span class='ocrx_word' id='word_1_188' title='bbox 560 3411 648 3482; x_wconf 86' lang='lat' dir='ltr'>hora</span> <span class='ocrx_word' id='word_1_189' title='bbox 660 3431 792 3504; x_wconf 81' lang='lat' dir='ltr'>magna</span> <span class='ocrx_word' id='word_1_190' title='bbox 804 3409 854 3502; x_wconf 89' lang='lat' dir='ltr'>iiij</span> <span class='ocrx_word' id='word_1_191' title='bbox 869 3407 905 3482; x_wconf 87' lang='lat' dir='ltr'>d.</span> <span class='ocrx_word' id='word_1_192' title='bbox 920 3417 959 3480; x_wconf 92' lang='lat' dir='ltr'>et</span> <span class='ocrx_word' id='word_1_193' title='bbox 971 3409 1018 3480; x_wconf 90' lang='lat' dir='ltr'>de</span> <span class='ocrx_word' id='word_1_194' title='bbox 1034 3410 1165 3480; x_wconf 90' lang='lat' dir='ltr'>minori</span> <span class='ocrx_word' id='word_1_195' title='bbox 1179 3411 1203 3503; x_wconf 89' lang='lat' dir='ltr'>ij</span> <span class='ocrx_word' id='word_1_196' title='bbox 1222 3405 1259 3481; x_wconf 85' lang='lat' dir='ltr'>d.</span> <span class='ocrx_word' id='word_1_197' title='bbox 1277 3449 1285 3466; x_wconf 94' lang='lat'><strong>·</strong></span> <span class='ocrx_word' id='word_1_198' title='bbox 1304 3407 1355 3480; x_wconf 90' lang='lat' dir='ltr'>Et</span> <span class='ocrx_word' id='word_1_199' title='bbox 1372 3411 1418 3482; x_wconf 93' lang='lat' dir='ltr'>de</span> <span class='ocrx_word' id='word_1_200' title='bbox 1435 3407 1526 3481; x_wconf 85' lang='lat' dir='ltr'>sesto</span> <span class='ocrx_word' id='word_1_201' title='bbox 1540 3411 1578 3482; x_wconf 86' lang='lat' dir='ltr'>ix</span> <span class='ocrx_word' id='word_1_202' title='bbox 1594 3411 1794 3483; x_wconf 71' lang='lat' dir='ltr'>ledionum</span> 
     </span>
     <span class='ocr_line' id='line_1_23' title="bbox 452 3501 1795 3617; baseline -0.001 -19"><span class='ocrx_word' id='word_1_203' title='bbox 452 3524 514 3598; x_wconf 92' lang='lat' dir='ltr'>seu</span> <span class='ocrx_word' id='word_1_204' title='bbox 532 3521 622 3596; x_wconf 86' lang='lat' dir='ltr'>sesto</span> <span class='ocrx_word' id='word_1_205' title='bbox 640 3545 724 3595; x_wconf 89' lang='lat' dir='ltr'>cunr</span> <span class='ocrx_word' id='word_1_206' title='bbox 740 3523 917 3617; x_wconf 83' lang='lat' dir='ltr'>regimine</span> <span class='ocrx_word' id='word_1_207' title='bbox 933 3522 1034 3594; x_wconf 88' lang='lat' dir='ltr'>chori</span> <span class='ocrx_word' id='word_1_208' title='bbox 1051 3545 1115 3616; x_wconf 91' lang='lat' dir='ltr'>pro</span> <span class='ocrx_word' id='word_1_209' title='bbox 1133 3520 1296 3614; x_wconf 90' lang='lat' dir='ltr'>qualibet</span> <span class='ocrx_word' id='word_1_210' title='bbox 1312 3521 1401 3594; x_wconf 91' lang='lat' dir='ltr'>hora</span> <span class='ocrx_word' id='word_1_211' title='bbox 1425 3543 1558 3616; x_wconf 84' lang='lat' dir='ltr'>magna</span> <span class='ocrx_word' id='word_1_212' title='bbox 1574 3523 1598 3615; x_wconf 87' lang='lat' dir='ltr'>ij</span> <span class='ocrx_word' id='word_1_213' title='bbox 1617 3501 1652 3593; x_wconf 83' lang='lat' dir='ltr'>d.</span> <span class='ocrx_word' id='word_1_214' title='bbox 1671 3533 1711 3595; x_wconf 90' lang='lat' dir='ltr'>et</span> <span class='ocrx_word' id='word_1_215' title='bbox 1729 3547 1795 3617; x_wconf 95' lang='lat' dir='ltr'>pro</span> 
     </span>
     <span class='ocr_line' id='line_1_24' title="bbox 451 3631 1793 3730; baseline 0 -20"><span class='ocrx_word' id='word_1_216' title='bbox 451 3640 581 3710; x_wconf 89' lang='lat' dir='ltr'>minori</span> <span class='ocrx_word' id='word_1_217' title='bbox 593 3639 610 3730; x_wconf 86' lang='lat' dir='ltr'><strong>j</strong></span> <span class='ocrx_word' id='word_1_218' title='bbox 627 3633 665 3708; x_wconf 83' lang='lat' dir='ltr'>d.</span> <span class='ocrx_word' id='word_1_219' title='bbox 683 3645 722 3706; x_wconf 91' lang='lat' dir='ltr'>et</span> <span class='ocrx_word' id='word_1_220' title='bbox 738 3635 968 3708; x_wconf 89' lang='lat' dir='ltr'>tantumdem</span> <span class='ocrx_word' id='word_1_221' title='bbox 985 3657 1050 3728; x_wconf 96' lang='lat' dir='ltr'>pro</span> <span class='ocrx_word' id='word_1_222' title='bbox 1067 3635 1257 3705; x_wconf 85' lang='lat' dir='ltr'>matutinis</span> <span class='ocrx_word' id='word_1_223' title='bbox 1284 3641 1322 3704; x_wconf 91' lang='lat' dir='ltr'>et</span> <span class='ocrx_word' id='word_1_224' title='bbox 1346 3631 1501 3728; x_wconf 86' lang='lat' dir='ltr'>vesperis</span> <span class='ocrx_word' id='word_1_225' title='bbox 1518 3635 1626 3707; x_wconf 88' lang='lat' dir='ltr'>beate</span> <span class='ocrx_word' id='word_1_226' title='bbox 1644 3634 1767 3710; x_wconf 90' lang='lat' dir='ltr'>Marie</span> <span class='ocrx_word' id='word_1_227' title='bbox 1785 3681 1793 3695; x_wconf 92' lang='lat'>·</span> 
     </span>
     <span class='ocr_line' id='line_1_25' title="bbox 453 3743 1795 3840; baseline 0.001 -20"><span class='ocrx_word' id='word_1_228' title='bbox 453 3750 503 3820; x_wconf 89' lang='lat' dir='ltr'>Et</span> <span class='ocrx_word' id='word_1_229' title='bbox 521 3751 566 3820; x_wconf 91' lang='lat' dir='ltr'>de</span> <span class='ocrx_word' id='word_1_230' title='bbox 584 3749 710 3820; x_wconf 90' lang='lat' dir='ltr'>diebus</span> <span class='ocrx_word' id='word_1_231' title='bbox 736 3749 874 3820; x_wconf 86' lang='lat' dir='ltr'>seriatis</span> <span class='ocrx_word' id='word_1_232' title='bbox 899 3769 964 3840; x_wconf 92' lang='lat' dir='ltr'>pro</span> <span class='ocrx_word' id='word_1_233' title='bbox 989 3745 1078 3818; x_wconf 89' lang='lat' dir='ltr'>hora</span> <span class='ocrx_word' id='word_1_234' title='bbox 1099 3747 1225 3817; x_wconf 91' lang='lat' dir='ltr'>maiori</span> <span class='ocrx_word' id='word_1_235' title='bbox 1243 3746 1267 3838; x_wconf 90' lang='lat' dir='ltr'>ij</span> <span class='ocrx_word' id='word_1_236' title='bbox 1286 3743 1322 3816; x_wconf 89' lang='lat' dir='ltr'>d.</span> <span class='ocrx_word' id='word_1_237' title='bbox 1348 3756 1387 3817; x_wconf 91' lang='lat' dir='ltr'>et</span> <span class='ocrx_word' id='word_1_238' title='bbox 1411 3747 1542 3818; x_wconf 90' lang='lat' dir='ltr'>minori</span> <span class='ocrx_word' id='word_1_239' title='bbox 1560 3749 1795 3821; x_wconf 90' lang='lat' dir='ltr'>tantumdem</span> 
     </span>
     <span class='ocr_line' id='line_1_26' title="bbox 451 3856 1797 3956; baseline -0.001 -22"><span class='ocrx_word' id='word_1_240' title='bbox 451 3866 556 3934; x_wconf 81' lang='lat' dir='ltr'>iuxta</span> <span class='ocrx_word' id='word_1_241' title='bbox 572 3860 787 3955; x_wconf 87' lang='lat' dir='ltr'>qualitatem</span> <span class='ocrx_word' id='word_1_242' title='bbox 805 3861 978 3954; x_wconf 88' lang='lat' dir='ltr'>temporis</span> <span class='ocrx_word' id='word_1_243' title='bbox 1004 3858 1164 3931; x_wconf 86' lang='lat' dir='ltr'>taxanda</span> <span class='ocrx_word' id='word_1_244' title='bbox 1179 3858 1304 3930; x_wconf 91' lang='lat' dir='ltr'>habito</span> <span class='ocrx_word' id='word_1_245' title='bbox 1322 3856 1485 3951; x_wconf 77' lang='lat' dir='ltr'>respedtu</span> <span class='ocrx_word' id='word_1_246' title='bbox 1502 3859 1548 3932; x_wconf 88' lang='lat' dir='ltr'>ad</span> <span class='ocrx_word' id='word_1_247' title='bbox 1567 3858 1797 3956; x_wconf 75' lang='lat' dir='ltr'>quadragess-</span> 
     </span>
     <span class='ocr_line' id='line_1_27' title="bbox 452 3965 1798 4068; baseline 0.001 -24"><span class='ocrx_word' id='word_1_248' title='bbox 452 3997 549 4045; x_wconf 91' lang='lat' dir='ltr'>mam</span> <span class='ocrx_word' id='word_1_249' title='bbox 577 3997 599 4046; x_wconf 88' lang='lat' dir='ltr'>a</span> <span class='ocrx_word' id='word_1_250' title='bbox 623 3971 754 4066; x_wconf 91' lang='lat' dir='ltr'>quibus</span> <span class='ocrx_word' id='word_1_251' title='bbox 770 3971 867 4043; x_wconf 89' lang='lat' dir='ltr'>boris</span> <span class='ocrx_word' id='word_1_252' title='bbox 890 3971 1058 4043; x_wconf 85' lang='lat' dir='ltr'>volumus</span> <span class='ocrx_word' id='word_1_253' title='bbox 1084 3971 1314 4042; x_wconf 87' lang='lat' dir='ltr'>tantumdem</span> <span class='ocrx_word' id='word_1_254' title='bbox 1340 3965 1443 4042; x_wconf 74' lang='lat' dir='ltr'>sicuti</span> <span class='ocrx_word' id='word_1_255' title='bbox 1470 3994 1492 4042; x_wconf 90' lang='lat' dir='ltr'>a</span> <span class='ocrx_word' id='word_1_256' title='bbox 1516 3968 1607 4043; x_wconf 89' lang='lat' dir='ltr'>sesto</span> <span class='ocrx_word' id='word_1_257' title='bbox 1630 3971 1798 4068; x_wconf 86' lang='lat' dir='ltr'>duplici·</span> 
     </span>
     <span class='ocr_line' id='line_1_28' title="bbox 451 4080 1798 4178; baseline 0 -20"><span class='ocrx_word' id='word_1_258' title='bbox 451 4087 548 4158; x_wconf 91' lang='lat' dir='ltr'>Item</span> <span class='ocrx_word' id='word_1_259' title='bbox 567 4107 693 4156; x_wconf 91' lang='lat' dir='ltr'>omnes</span> <span class='ocrx_word' id='word_1_260' title='bbox 713 4084 774 4178; x_wconf 88' lang='lat' dir='ltr'>alij</span> <span class='ocrx_word' id='word_1_261' title='bbox 801 4086 918 4176; x_wconf 92' lang='lat' dir='ltr'>quiin</span> <span class='ocrx_word' id='word_1_262' title='bbox 936 4086 1044 4156; x_wconf 92' lang='lat' dir='ltr'>cboro</span> <span class='ocrx_word' id='word_1_263' title='bbox 1071 4080 1238 4156; x_wconf 86' lang='lat' dir='ltr'>interesse</span> <span class='ocrx_word' id='word_1_264' title='bbox 1264 4081 1400 4154; x_wconf 91' lang='lat' dir='ltr'>debent</span> <span class='ocrx_word' id='word_1_265' title='bbox 1426 4085 1463 4154; x_wconf 90' lang='lat' dir='ltr'>in</span> <span class='ocrx_word' id='word_1_266' title='bbox 1490 4082 1671 4177; x_wconf 89' lang='lat' dir='ltr'>aliquibus</span> <span class='ocrx_word' id='word_1_267' title='bbox 1695 4085 1798 4158; x_wconf 89' lang='lat' dir='ltr'>horis</span> 
     </span>
     <span class='ocr_line' id='line_1_29' title="bbox 452 4191 1800 4289; baseline 0.001 -19"><span class='ocrx_word' id='word_1_268' title='bbox 452 4203 489 4270; x_wconf 90' lang='lat' dir='ltr'>in</span> <span class='ocrx_word' id='word_1_269' title='bbox 514 4197 706 4270; x_wconf 86' lang='lat' dir='ltr'>matutinis</span> <span class='ocrx_word' id='word_1_270' title='bbox 731 4206 817 4268; x_wconf 85' lang='lat' dir='ltr'>ante</span> <span class='ocrx_word' id='word_1_271' title='bbox 846 4194 957 4266; x_wconf 87' lang='lat' dir='ltr'>finem</span> <span class='ocrx_word' id='word_1_272' title='bbox 982 4193 1109 4289; x_wconf 90' lang='lat' dir='ltr'>psalmi</span> <span class='ocrx_word' id='word_1_273' title='bbox 1140 4215 1284 4268; x_wconf 82' lang='lat' dir='ltr'>vnurrn</span> <span class='ocrx_word' id='word_1_274' title='bbox 1314 4195 1350 4266; x_wconf 93' lang='lat' dir='ltr'>in</span> <span class='ocrx_word' id='word_1_275' title='bbox 1382 4191 1482 4267; x_wconf 87' lang='lat' dir='ltr'>missa</span> <span class='ocrx_word' id='word_1_276' title='bbox 1508 4204 1595 4267; x_wconf 91' lang='lat' dir='ltr'>ante</span> <span class='ocrx_word' id='word_1_277' title='bbox 1623 4196 1800 4272; x_wconf 78' lang='lat' dir='ltr'>utimum</span> 
     </span>
     <span class='ocr_line' id='line_1_30' title="bbox 453 4305 1799 4402; baseline 0.001 -19"><span class='ocrx_word' id='word_1_278' title='bbox 453 4329 765 4383; x_wconf 78' lang='lat' dir='ltr'>urnrnnnnnrsou</span> <span class='ocrx_word' id='word_1_279' title='bbox 782 4309 820 4380; x_wconf 96' lang='lat' dir='ltr'>in</span> <span class='ocrx_word' id='word_1_280' title='bbox 838 4307 918 4379; x_wconf 91' lang='lat' dir='ltr'>aliis</span> <span class='ocrx_word' id='word_1_281' title='bbox 930 4329 1015 4379; x_wconf 85' lang='lat' dir='ltr'>vero</span> <span class='ocrx_word' id='word_1_282' title='bbox 1028 4309 1125 4382; x_wconf 92' lang='lat' dir='ltr'>horis</span> <span class='ocrx_word' id='word_1_283' title='bbox 1142 4317 1228 4381; x_wconf 89' lang='lat' dir='ltr'>ante</span> <span class='ocrx_word' id='word_1_284' title='bbox 1240 4307 1351 4380; x_wconf 89' lang='lat' dir='ltr'>finem</span> <span class='ocrx_word' id='word_1_285' title='bbox 1365 4309 1471 4402; x_wconf 79' lang='lat' dir='ltr'>prImi</span> <span class='ocrx_word' id='word_1_286' title='bbox 1485 4305 1615 4402; x_wconf 92' lang='lat' dir='ltr'>psalmi</span> <span class='ocrx_word' id='word_1_287' title='bbox 1626 4309 1799 4385; x_wconf 84' lang='lat' dir='ltr'>interesse</span> 
     </span>
     <span class='ocr_line' id='line_1_31' title="bbox 451 4417 1801 4516; baseline 0.001 -20"><span class='ocrx_word' id='word_1_288' title='bbox 451 4427 609 4496; x_wconf 87' lang='lat' dir='ltr'>debeant</span> <span class='ocrx_word' id='word_1_289' title='bbox 634 4420 699 4492; x_wconf 93' lang='lat' dir='ltr'>sub</span> <span class='ocrx_word' id='word_1_290' title='bbox 724 4445 819 4516; x_wconf 88' lang='lat' dir='ltr'>pens</span> <span class='ocrx_word' id='word_1_291' title='bbox 843 4420 943 4513; x_wconf 90' lang='lat' dir='ltr'>prius</span> <span class='ocrx_word' id='word_1_292' title='bbox 960 4429 1087 4493; x_wconf 83' lang='lat' dir='ltr'>taxata</span> <span class='ocrx_word' id='word_1_293' title='bbox 1112 4430 1153 4491; x_wconf 87' lang='lat' dir='ltr'>vt</span> <span class='ocrx_word' id='word_1_294' title='bbox 1179 4419 1284 4514; x_wconf 90' lang='lat' dir='ltr'>supra</span> <span class='ocrx_word' id='word_1_295' title='bbox 1312 4423 1417 4492; x_wconf 87' lang='lat' dir='ltr'>iuxta</span> <span class='ocrx_word' id='word_1_296' title='bbox 1439 4417 1530 4492; x_wconf 88' lang='lat' dir='ltr'>sesta</span> <span class='ocrx_word' id='word_1_297' title='bbox 1547 4459 1555 4476; x_wconf 93' lang='lat'><strong>·</strong></span> <span class='ocrx_word' id='word_1_298' title='bbox 1573 4420 1670 4492; x_wconf 87' lang='lat' dir='ltr'>Item</span> <span class='ocrx_word' id='word_1_299' title='bbox 1697 4428 1801 4516; x_wconf 91' lang='lat' dir='ltr'>quod</span> 
     </span>
     <span class='ocr_line' id='line_1_32' title="bbox 449 4529 1799 4628; baseline 0.002 -20"><span class='ocrx_word' id='word_1_300' title='bbox 449 4537 571 4608; x_wconf 89' lang='lat' dir='ltr'>nullus</span> <span class='ocrx_word' id='word_1_301' title='bbox 596 4534 837 4628; x_wconf 78' lang='lat' dir='ltr'>predittorum</span> <span class='ocrx_word' id='word_1_302' title='bbox 863 4535 1010 4605; x_wconf 87' lang='lat' dir='ltr'>recedat</span> <span class='ocrx_word' id='word_1_303' title='bbox 1040 4555 1061 4604; x_wconf 88' lang='lat' dir='ltr'>a</span> <span class='ocrx_word' id='word_1_304' title='bbox 1089 4533 1196 4605; x_wconf 87' lang='lat' dir='ltr'>choro</span> <span class='ocrx_word' id='word_1_305' title='bbox 1226 4543 1312 4606; x_wconf 90' lang='lat' dir='ltr'>ante</span> <span class='ocrx_word' id='word_1_306' title='bbox 1337 4533 1448 4606; x_wconf 90' lang='lat' dir='ltr'>finem</span> <span class='ocrx_word' id='word_1_307' title='bbox 1473 4533 1562 4608; x_wconf 88' lang='lat' dir='ltr'>hore</span> <span class='ocrx_word' id='word_1_308' title='bbox 1595 4529 1661 4606; x_wconf 82' lang='lat' dir='ltr'>nisr</span> <span class='ocrx_word' id='word_1_309' title='bbox 1697 4535 1799 4611; x_wconf 89' lang='lat' dir='ltr'>sorte</span> 
     </span>
    </p>
   </div>
   <div class='ocr_carea' id='block_1_6' title="bbox 0 0 2038 5534">
    <p class='ocr_par' dir='ltr' id='par_1_6' title="bbox 0 0 2038 5534">
     <span class='ocr_line' id='line_1_33' title="bbox 0 0 2038 5534; baseline 0 0"><span class='ocrx_word' id='word_1_310' title='bbox 0 0 2038 5534; x_wconf 95' lang='lat' dir='ltr'> </span> 
     </span>
    </p>
   </div>
  </div>
 </body>
</html>
