4050 5534
244 673 348 768 nnn]
711 669 1118 744 ABERDONENSE.
1545 679 1592 751 47

243 872 396 944 domada
424 874 497 943 duo
523 871 584 964 aiij
608 873 647 942 in
673 870 745 942 alia
771 869 972 941 ebdomada
992 866 1258 943 substituantur
1283 881 1322 942 et
1347 866 1395 942 fic
1422 871 1590 964 deinceps

242 984 287 1054 de
309 983 415 1077 alijs·
436 983 596 1055 Primam
618 979 757 1055 millam
781 1003 888 1053 mane
914 982 960 1052 de
985 981 1094 1053 beata
1112 979 1265 1076 Virgine
1288 983 1478 1054 dicendam
1505 989 1704 1054 con-flurs

242 1091 424 1167 stituimus
449 1136 457 1153 ·
485 1093 677 1167 secundam
705 1118 776 1186 que
800 1094 935 1165 dicitur
959 1094 1075 1163 maior
1099 1089 1199 1164 milla
1224 1087 1299 1164 flue
1326 1113 1377 1164 ua
1402 1115 1469 1164 mn
1495 1097 1589 1176 circa

240 1207 364 1280 horam
391 1207 537 1279 tertiam
568 1228 632 1299 per
654 1228 767 1276 vnum
792 1204 1021 1297 capellanum
1048 1205 1094 1276 de
1120 1206 1261 1277 duobus
1284 1206 1343 1277 vel
1373 1209 1586 1280 canonicum

241 1318 414 1391 celebrari
440 1317 608 1389 volumus
634 1327 674 1390 et
699 1317 763 1388 illa
786 1311 888 1388 missa
912 1315 1124 1387 nullatenus
1151 1311 1225 1387 fine
1252 1317 1413 1411 dyacono
1440 1327 1478 1389 et
1508 1317 1587 1390 sub-

242 1431 403 1522 dyacono
427 1432 465 1500 in
490 1426 716 1500 vestimentis
741 1429 786 1500 ad
812 1449 938 1498 eorum
964 1427 1123 1498 officium
1148 1428 1331 1521 deputatis
1357 1429 1587 1502 celebretur·

240 1542 473 1613 nibilominus
489 1562 573 1612 cum
591 1549 737 1633 tempus
754 1537 992 1633 postulauerit
1008 1534 1111 1610 missa
1126 1541 1164 1610 in
1182 1540 1343 1634 capitulo
1361 1541 1586 1613 celebretur·

241 1653 405 1737 Quilibet
422 1675 508 1724 vero
527 1649 753 1724 sacerdotum
779 1651 933 1723 aliorum
959 1652 1058 1721 omni
1077 1651 1136 1722 die
1160 1645 1225 1721 nifi
1251 1653 1458 1723 rationabili
1484 1653 1588 1726 causa

239 1765 347 1836 fuerit
375 1762 567 1838 excusatus
592 1759 731 1836 missam
755 1785 821 1856 pro
846 1763 1025 1834 defunctis
1052 1762 1235 1834 celebrare
1263 1765 1449 1835 tenebitur
1466 1809 1474 1824 ·
1494 1763 1587 1838 Istos

239 1886 361 1948 autem
374 1875 513 1970 septem
530 1874 733 1948 sacerdotes
745 1877 897 1946 vicarios
910 1881 1085 1945 tenentur
1097 1875 1262 1945 canonici
1279 1873 1466 1969 subscripti
1485 1879 1587 1950 inue-
1600 1877 1741 1934 &miti

240 1991 316 2059 nire
327 1987 526 2082 Episcopus
538 1985 709 2059 Decanus
720 1985 919 2058 Precentor
932 1985 1179 2058 cancellarius
1190 1983 1445 2058 Thesaurarius
1456 1989 1587 2060 Archi·
1600 1943 1793 2002 'aarum

240 2101 410 2172 diaconus
435 2110 475 2171 ct
496 2100 682 2194 prebenda
703 2100 755 2169 de
768 2098 946 2190 Balheluy
964 2135 972 2152 ·
989 2097 1175 2190 prebenda
1192 2118 1278 2168 vero
1295 2098 1341 2168 de
1358 2097 1465 2192 Ovyn
1484 2109 1522 2171 at
1540 2102 1585 2172 de

239 2211 392 2284 Crwdan
421 2219 461 2283 et
491 2213 536 2282 de
567 2210 779 2283 Murthlacb
810 2211 980 2282 diaconos
1006 2211 1158 2280 vicarios
1189 2217 1362 2280 tenentur
1394 2213 1557 2284 inuenire
1576 2207 1760 2328 ‘fflm‘f‘p

238 2324 420 2417 prebende
438 2346 525 2395 vero
549 2324 595 2394 de
621 2321 812 2415 Bancbory
837 2331 877 2394 et
902 2323 948 2392 de
966 2319 1087 2392 Deere
1112 2329 1151 2392 et
1177 2320 1222 2391 de
1239 2319 1324 2392 Clat
1350 2319 1586 2395 subdiaconos
1647 2285 1743 2330 ww

239 2438 388 2508 vicarios
405 2444 581 2507 tenentur
595 2436 762 2506 inuenire
779 2455 807 2490 ··

240 2659 297 2731 De
327 2658 596 2753 presentaticne
624 2659 839 2730 vicariorum
875 2657 1012 2729 decano
1043 2665 1081 2726 et
1111 2656 1271 2750 capitulo
1302 2667 1340 2729 et
1371 2682 1493 2730 eorum
1526 2663 1587 2734 ad·

239 2767 400 2843 miffione
419 2811 428 2828 ·

240 2994 367 3068 Preter
382 2995 452 3066 hec
469 2989 662 3065 statuendo
679 2993 906 3064 decernimus
924 2992 1021 3084 quod
1046 3013 1173 3073 omnes
1199 2995 1363 3066 canonici
1381 3004 1457 3064 tam
1475 2999 1586 3066 maio-

239 3128 296 3176 res
312 3127 421 3198 quam
438 3106 596 3176 minores
613 3105 764 3175 vicarios
783 3103 869 3174 boni
888 3099 1083 3195 testimonij
1103 3104 1197 3174 viros
1216 3104 1353 3176 decano
1370 3113 1409 3176 et
1427 3106 1586 3199 capitulo

238 3215 443 3310 presentare
454 3213 628 3287 tenentur
639 3225 677 3286 et
690 3210 717 3285 fi
731 3211 1020 3308 presentaueriut
1033 3213 1190 3306 aliquem
1203 3216 1263 3306 qui
1277 3216 1377 3308 prius
1390 3239 1462 3286 uon
1477 3217 1586 3288 suerit

239 3329 392 3400 vicarius
417 3351 491 3398 uon
517 3325 680 3400 absolute
703 3327 920 3398 admittetur
943 3322 1005 3396 sed
1033 3323 1227 3419 diligenter
1252 3328 1519 3400 examinabitur
1540 3353 1585 3400 an
1601 3346 1784 3413 asrnrtmtto

238 3437 324 3512 sciat
354 3440 474 3534 legere
498 3447 538 3510 et
563 3449 709 3510 cantare
734 3446 774 3509 et
799 3437 886 3509 licet
909 3445 1104 3528 utrumque
1130 3433 1217 3508 sciat
1247 3437 1483 3528 probabiliter
1513 3463 1584 3512 non

238 3563 362 3624 tamen
385 3551 603 3622 admittetur
619 3552 665 3621 de
682 3549 791 3643 plano
806 3547 868 3620 sed
893 3550 947 3620 ita
962 3557 1003 3618 vt
1025 3543 1070 3618 fit
1093 3549 1132 3618 in
1158 3548 1371 3640 probatione
1389 3549 1505 3642 primo
1521 3561 1704 3646 persensus

237 3686 374 3734 annum
391 3676 433 3733 vt
452 3663 599 3733 interim
616 3658 730 3733 discat
755 3658 963 3753 psalterium
984 3660 1187 3753 ymnarium
1206 3669 1245 3730 et
1262 3658 1556 3753 antiphonarium
1575 3626 1780 3722 smmum&

238 3785 278 3844 et
303 3771 329 3844 sr
355 3770 475 3866 elapso
500 3796 596 3844 anno
620 3775 658 3843 in
684 3770 753 3866 hijs
778 3772 970 3864 profecerit
995 3772 1049 3842 ita
1074 3779 1114 3841 vt
1140 3770 1204 3842 illa
1230 3767 1318 3842 sciat
1348 3772 1586 3864 probabiliter

238 3887 455 3958 admittetur
481 3881 532 3956 sm
563 3898 687 3956 autem
718 3882 916 3976 repelletur
939 3919 949 3938 ·
975 3881 1139 3967 Quilibet
1166 3890 1290 3955 autem
1317 3885 1470 3955 vicarius
1500 3909 1583 3958 cum
1596 3899 1797 3956 iuramentum

237 3999 445 4070 admittitur
470 3997 602 4068 iurabit
624 3995 841 4068 fidelitatem
868 3989 1018 4066 ecclesie
1035 4005 1074 4064 et
1091 3993 1251 4086 capitulo
1268 4003 1307 4064 et
1324 3995 1420 4086 quod
1447 3994 1586 4070 secreta

237 4108 389 4203 capituli
412 4131 483 4200 que
508 4103 572 4180 sibi
596 4108 733 4178 fuermt
758 4104 898 4179 ostensa
922 4129 995 4177 non
1022 4105 1200 4176 reuelabit
1220 4101 1385 4176 similiter
1407 4117 1445 4178 et
1472 4114 1583 4182 ceteri

237 4221 358 4293 clerici
388 4223 450 4312 qui
480 4221 627 4293 chorum
652 4220 887 4311 frequentant
909 4255 918 4274 ·
942 4227 980 4290 et
1004 4213 1029 4286 sr
1058 4218 1211 4287 vicarius
1235 4214 1421 4289 decesserit
1445 4220 1503 4291 vel
1530 4225 1739 4294 refluum
1752 4228 1871 4282 curun

238 4329 379 4404 cesserit
401 4333 596 4403 canonicus
620 4330 732 4401 alium
758 4327 980 4422 presentabit
1005 4329 1099 4400 infra
1117 4327 1356 4422 quadraginta
1379 4330 1456 4402 dies
1474 4372 1481 4388 ·
1501 4344 1540 4404 et
1558 4330 1583 4405 fi

238 4444 306 4515 boc
322 4466 395 4514 non
414 4443 543 4515 fecerit
559 4440 677 4514 soluet
693 4440 949 4512 nichilominus
965 4437 1144 4532 stipendia
1160 4439 1294 4509 vicario
1312 4438 1435 4512 debita
1460 4443 1585 4516 habita

238 4555 511 4648 computatione
544 4576 609 4646 pro
641 4563 722 4627 rata
755 4554 868 4624 totius
901 4555 986 4623 anni
1018 4573 1089 4644 que
1123 4549 1255 4621 cedant
1285 4551 1323 4621 in
1354 4575 1584 4626 communem
