4050 5534
258 641 358 736 xm]
724 645 1133 722 ABERDONENSE.
1561 663 1606 732 59

259 842 340 914 dato
357 853 397 915 et
415 841 587 915 consensu
605 845 691 916 diui
716 847 853 918 domini
876 848 1005 919 decani
1031 843 1325 942 singulorumque
1352 853 1605 924 canonicorum

255 952 572 1050 suprascriptorum
586 955 741 1052 sigillum
760 981 953 1030 commune
971 961 1120 1052 capituli
1140 960 1295 1054 presenti
1314 964 1459 1055 publico
1478 961 1605 1036 instru-

254 1077 379 1137 mento
396 1065 450 1138 est
466 1068 664 1161 appensum
682 1107 691 1124 ·
708 1070 804 1140 Ana
821 1070 969 1141 suerunt
986 1072 1053 1143 heo
1071 1075 1107 1143 in
1128 1074 1288 1165 capitulo
1307 1071 1456 1146 ecclesie
1483 1079 1605 1149 cathe-

255 1178 361 1250 dralis
379 1177 650 1252 Aberdonensrs
666 1205 762 1253 anno
780 1182 980 1255 indictione
1005 1185 1221 1276 pontificatu
1240 1196 1279 1256 et
1298 1188 1356 1258 die
1375 1192 1574 1280 prenotatis
1593 1231 1601 1247 ·

253 1287 356 1361 Teste
373 1290 533 1386 capitulo
551 1333 560 1350 ·

580 1405 630 1476 Et
649 1405 728 1500 Ego
745 1405 931 1476 Johannes
949 1406 995 1477 de
1012 1405 1170 1478 Corshill
1189 1419 1248 1480 etc
1267 1451 1275 1466 ·

252 1738 452 1814 Indentura
468 1743 565 1812 inter
582 1739 789 1836 episcopum
807 1751 846 1814 et
864 1742 1065 1835 capitulum
1085 1784 1093 1800 ·

253 1941 303 2036 ln
323 1969 470 2036 nomine
488 1964 638 2035 Domini
658 1963 778 2036 Arnen
797 2005 806 2021 ·
827 1964 898 2036 Per
914 1966 983 2036 boc
1000 1965 1145 2058 presens
1171 1969 1368 2060 publicum.
1383 1968 1598 2045 instrumen-

248 2088 327 2148 tum
358 2079 496 2148 cundia
514 2087 637 2170 pateat
655 2078 846 2148 euidenter
863 2077 958 2170 quod
976 2101 1073 2149 anno
1091 2079 1136 2150 ab
1155 2079 1404 2153 incarnatione
1436 2084 1595 2158 eiusdem

248 2187 439 2260 millesimo
464 2183 718 2259 trecentesimo
742 2185 960 2283 sexagesimo
981 2186 1084 2260 sexto
1112 2191 1306 2262 indictione
1324 2205 1454 2284 quarta
1478 2201 1598 2289 ponti·

247 2302 376 2372 licatua
394 2296 597 2372 sanaiffimi
618 2301 656 2370 in
673 2295 815 2370 Christo
833 2301 945 2393 patrio
962 2311 1000 2370 et
1019 2301 1155 2371 domini
1173 2299 1283 2373 nostri
1299 2303 1435 2375 domini
1455 2305 1595 2380 Vrbani

247 2415 372 2485 diuina
396 2413 630 2505 prouidencia
645 2435 738 2504 pape
764 2413 883 2504 quinti
909 2434 1004 2481 anno
1031 2423 1159 2504 quarto
1184 2415 1243 2484 die
1270 2413 1439 2509 vigesima
1464 2417 1595 2490 mensis

246 2525 348 2620 Junij
366 2527 405 2596 in
431 2525 503 2595 mei
529 2524 660 2594 notarii
678 2523 814 2615 publici
841 2531 879 2594 et
904 2519 1053 2594 testium
1079 2523 1384 2618 infrascriptorum
1411 2528 1596 2622 presencia

246 2639 338 2709 sada
363 2638 435 2708 fuit
459 2634 603 2729 presens
629 2635 811 2706 ordinacio
835 2632 910 2704 sme
935 2632 1149 2728 composicio
1176 2639 1273 2708 inter
1291 2642 1534 2713 venerabilem
1557 2647 1593 2714 in

245 2745 388 2820 Christo
418 2759 558 2842 patrem
589 2770 631 2818 ac
656 2748 844 2818 dominum
875 2747 1062 2817 dominum
1090 2748 1345 2820 Alexandrum
1374 2750 1443 2824 Dei
1478 2759 1595 2849 gratia

246 2860 450 2955 episcopum
468 2855 766 2930 Aberdonensem
784 2883 831 2929 ex
848 2867 952 2952 parte
970 2882 1042 2929 vna
1067 2866 1106 2929 et
1125 2861 1348 2932 venerabiles
1366 2874 1404 2934 et
1422 2863 1593 2939 discretos

246 2976 339 3045 viros
352 2975 530 3045 decanum
544 2983 582 3042 et
596 2971 795 3063 capitulum
809 2967 959 3042 ecclesie
976 2967 1247 3042 Aberdonensrs
1266 2995 1313 3042 ex
1331 2973 1446 3048 altera
1457 2982 1593 3052 vocatis

244 3087 289 3156 ad
315 3086 385 3156 hoc
401 3092 441 3154 et
460 3082 641 3176 legittime
667 3083 789 3153 citatis
816 3077 962 3174 singulis
988 3084 1171 3153 canonicis
1197 3083 1281 3154 dieti
1308 3088 1458 3178 capituli
1484 3102 1592 3182 prout

244 3199 353 3268 moris
391 3190 445 3266 est
478 3194 649 3265 videlicet
688 3190 911 3264 considerata
948 3204 987 3264 et
1022 3194 1217 3288 diligenter
1255 3205 1399 3268 attenta
1434 3201 1592 3276 utilitate

243 3306 393 3381 ecclesie
410 3305 570 3400 prediste
587 3329 628 3377 ac
646 3307 921 3377 continuatione
939 3306 1074 3376 fabrice
1093 3303 1253 3378 ciusdem
1280 3311 1462 3401 prediatus
1480 3314 1593 3386 domi-

243 3444 311 3492 nus
340 3418 526 3514 episcopus
554 3416 683 3511 sponte
711 3426 750 3489 et
779 3441 824 3487 ex
857 3439 957 3487 mera
986 3414 1049 3488 sua
1078 3415 1299 3489 liberalitate
1330 3430 1368 3490 et
1398 3423 1592 3498 deuotione

243 3555 369 3604 omnes
391 3530 564 3602 secundas
590 3530 748 3601 decimae
774 3526 1000 3622 episcopatus
1018 3529 1070 3598 sui
1089 3539 1126 3600 et
1148 3530 1234 3600 alibi
1254 3532 1459 3625 vbicunque
1485 3537 1592 3607 exist-

241 3653 346 3716 entes
363 3665 489 3714 omnes
506 3651 545 3713 et
563 3637 719 3734 singulos
735 3640 900 3710 redditus
918 3650 1118 3733 prouentus
1132 3651 1169 3712 et
1185 3643 1425 3717 obuentiones
1442 3648 1592 3722 ecclesie

243 3756 340 3828 beati
367 3753 538 3826 Nicholai
566 3753 613 3822 de
638 3751 813 3823 Aberdon
839 3761 994 3844 excepta
1022 3750 1171 3862 piscarip
1198 3754 1359 3826 eiusdem
1384 3781 1527 3831 necnon
1554 3773 1592 3833 et

240 3869 363 3938 exitus
380 3861 611 3958 quoscunque
629 3886 675 3934 ex
697 3861 940 3933 iurisdictione
965 3860 1028 3935 sna
1045 3887 1086 3934 ac
1104 3876 1304 3956 prouentus
1325 3873 1593 3962 quomodocun-

241 4003 311 4072 que
335 3979 594 4072 prouenientes
617 3999 665 4046 ex
691 3974 818 4046 eadem
844 3974 890 4046 ad
914 3973 1115 4067 predictam
1142 3977 1313 4048 fabricam
1340 3985 1591 4073 exequendam

240 4099 279 4163 et
295 4090 548 4183 complendam
573 4083 744 4160 eoncessit
761 4110 802 4157 ac
821 4088 942 4157 animo
960 4087 1161 4159 deliberato
1183 4091 1220 4160 in
1243 4091 1397 4162 eandem
1419 4094 1591 4167 fabricam

240 4202 504 4274 conuertendaa
533 4195 724 4294 assignauit
753 4237 762 4254 ·
790 4199 951 4289 dittique
980 4198 1139 4270 decanus
1165 4209 1203 4270 et
1234 4203 1434 4293 capitulum
1464 4209 1592 4279 maiori

240 4325 277 4385 et
293 4313 424 4385 saniori
441 4323 546 4404 parte
563 4309 723 4382 eiusdem
741 4309 978 4403 personaliter
1000 4311 1135 4381 ibidem
1155 4321 1193 4382 ot
1211 4315 1477 4405 particulariter
1494 4342 1592 4391 oom-

238 4437 389 4519 parente
418 4423 548 4517 sponte
570 4423 848 4514 voluntarieque
876 4419 1127 4494 consentiente
1158 4432 1301 4496 attenta
1327 4427 1523 4501 deuotione
1553 4444 1592 4504 et

240 4539 388 4630 preditti
414 4537 552 4608 domini
568 4535 622 4606 sui
639 4531 796 4628 episcopi
823 4531 1045 4605 liberalitate
1071 4534 1264 4628 magnifica
1280 4538 1486 4612 deuotionis
1512 4545 1591 4614 zelo
