4050 5534
263 669 348 764 xc]
727 668 1135 744 Annnnonnnsn
1533 686 1603 752 155

262 868 432 943 afferibus
465 882 636 965 cooperta
669 894 774 945 corno
807 869 890 944 albo
927 873 966 943 in
1001 870 1159 944 secundo
1186 870 1273 945 folio
1300 872 1402 964 Quod
1434 822 1601 974 crapcluc·

262 981 476 1077 iilsydorns
494 982 692 1057 desummo
710 986 806 1057 bono
819 995 858 1057 ct
869 985 1024 1077 quedam
1038 985 1298 1057 concordnncic
1313 983 1419 1081 super
1431 986 1523 1059 libro
1536 988 1601 1061 Sc-

259 1098 353 1169 nicic
370 1099 408 1169 in
432 1096 586 1170 secundo
603 1096 689 1169 folio
705 1096 799 1169 Eius
815 1097 860 1193 est
877 1138 886 1155 ·
906 1094 940 1167 (I
958 1096 1128 1169 Secunda
1145 1094 1301 1169 secunde
1323 1098 1445 1170 fratris
1461 1098 1599 1174 'I'home

258 1209 303 1280 de
321 1208 469 1303 Aquino
487 1212 523 1281 in
541 1208 735 1305 [secundo]
751 1209 836 1281 folio
849 1207 1060 1307 Qumnmest
1076 1202 1263 1281 intellectus
1286 1248 1294 1267 ·
1323 1208 1358 1279 Ι[
1370 1208 1598 1305 Augustinus

259 1322 304 1392 de
316 1323 468 1393 ciuitate
482 1321 551 1394 Dei
563 1324 601 1393 in
619 1318 790 1394 afferibns
803 1324 841 1393 in
855 1320 1010 1394 secundo
1025 1322 1110 1394 folio
1124 1321 1180 1394 Et
1179 1322 1359 1419 sententia
1372 1363 1380 1382 ·
1396 1321 1431 1392 Ι[
1443 1322 1598 1397 Lectum
1734 1344 1739 1353 ·

257 1430 518 1506 sententiarum
536 1436 574 1505 in
591 1429 761 1505 afferibus
786 1436 824 1505 in
850 1437 966 1528 primo
991 1434 1079 1505 folio
1101 1431 1255 1531 Spiritus
1269 1435 1342 1506 eius
1358 1438 1495 1507 martit
1511 1436 1597 1509 celos

256 1555 295 1617 et
311 1548 349 1617 in
366 1544 522 1619 secundo
535 1546 621 1617 folio
632 1542 677 1616 In
695 1554 859 1641 punctum
883 1584 891 1601 ·
913 1544 1119 1620 nnecura
1135 1544 1397 1619 sententiarum
1411 1555 1450 1619 ct
1466 1549 1595 1641 incipit

267 1656 384 1729 Vtrum
390 1657 478 1756 frui
487 1696 496 1713 ·
510 1667 548 1729 ct
564 1660 603 1728 in
614 1656 770 1730 secundo
787 1658 874 1729 folio
898 1655 1031 1731 Anime
1048 1698 1057 1716 ·
1072 1658 1106 1729 ΙΙ
1123 1658 1268 1731 Tabula
1294 1657 1434 1730 subtilis
1450 1657 1538 1733 scoti
1556 1670 1595 1733 ct

255 1770 383 1864 incipit
405 1760 601 1867 abstractio
618 1779 657 1841 et
674 1771 713 1841 in
739 1768 893 1842 secundo
918 1770 1004 1843 folio
1040 1768 1158 1843 Vtrum
1176 1770 1309 1843 tainus
1333 1813 1342 1830 ·
1370 1770 1405 1841 Ι[
1431 1770 1490 1843 Dc
1515 1797 1595 1866 pro-

254 1884 468 1976 prietatibus
496 1905 617 1955 rerum
643 1883 681 1953 in
712 1906 782 1952 vno
810 1881 993 1953 volumine
1018 1886 1057 1954 in
1079 1883 1235 1956 secundo
1261 1884 1347 1954 folio
1372 1882 1429 1955 Et
1438 1883 1596 1980 spirituc

240 1988 394 2092 santii·
428 1995 588 2066 [Alius
614 1995 705 2067 liber
734 1995 780 2065 de
809 1996 1092 2087 proprietatibus
1120 2018 1241 2067 rerum
1268 1997 1306 2066 in
1327 1994 1483 2067 secundo
1507 1996 1594 2069 folio

254 2108 325 2181 Nec
356 2107 476 2181 ibidem
510 2144 520 2163 ·
549 2104 811 2199 [Manipulns
841 2105 969 2177 florum
997 2109 1126 2203 incipit
1155 2111 1193 2179 in
1227 2104 1382 2179 secundo
1412 2107 1499 2179 folio
1532 2108 1597 2180 Ad

253 2219 427 2293 celencicm
443 2261 453 2279 ·
470 2219 505 2290 (i
522 2220 687 2291 Liberde
701 2220 839 2289 naturis
856 2218 1073 2291 animalium*
1085 2222 1261 2314 incipiens
1278 2222 1317 2290 in
1334 2217 1490 2291 secundo
1507 2221 1594 2293 folio

253 2332 452 2428 aptenttiium
471 2374 479 2391 ·
499 2330 533 2403 {I
551 2327 711 2425 Epistole
728 2329 868 2402 Senece
885 2331 929 2402 cd
955 2330 1109 2404 Panium
1134 2342 1174 2403 et
1200 2331 1382 2403 Lucillum
1400 2356 1483 2404 cum
1500 2342 1593 2406 trac

253 2445 389 2518 tatibus
415 2446 492 2537 xiiij
519 2446 556 2514 in
581 2441 738 2515 secundo
756 2441 842 2512 folio
859 2442 898 2513 in
914 2450 972 2513 tua
985 2444 1129 2541 persona
1146 2485 1154 2502 ·
1173 2443 1207 2514 ΙΙ
1225 2444 1439 2538 Manipuins
1464 2444 1592 2516 florum

252 2559 289 2627 in
302 2556 458 2630 secundo
471 2558 557 2629 folio
567 2555 781 2654 Aupnstinuc
790 2555 828 2625 in
838 2551 923 2627 libro
933 2554 975 2626 de
986 2556 1228 2652 ptaesticnibuc·
1243 2554 1277 2627 {I
1291 2552 1506 2640 Qnesticnes
1516 2554 1592 2630 fine

252 2668 388 2742 lectura
403 2667 663 2742 sententiarum
686 2690 755 2759 quc
778 2667 958 2759 incipiunt
974 2668 1012 2738 in
1030 2669 1146 2760 primo
1163 2667 1249 2739 folio
1267 2667 1444 2765 Eccmplc
1465 2672 1537 2740 ceri
1553 2681 1593 2741 et

251 2782 289 2853 in
306 2779 461 2855 secundo
474 2782 560 2853 folio
577 2778 771 2879 anpelomm
789 2775 1047 2871 -nExpofitio
1064 2780 1162 2853 beati
1179 2775 1359 2873 Ambroiij
1372 2778 1478 2874 super
1494 2781 1592 2855 benti

250 2893 471 2967 immaculati
497 2896 534 2965 in
563 2891 718 2965 secundo
748 2890 836 2961 folio
862 2892 972 2962 cimus
998 2930 1006 2946 ·
1033 2889 1199 2963 nniber
1215 2887 1474 2964 confeffionum
1491 2892 1590 2964 bcati

251 3004 445 3102 Augustini
462 3009 500 3077 in
516 3004 672 3077 secundo
689 3004 776 3075 folio
800 3000 926 3076 cedam
944 3042 953 3061 ·
968 3001 1152 3077 {ITnbnle
1177 3001 1282 3097 snper
1308 3003 1530 3075 valerianum
1551 3014 1590 3077 et

250 3120 429 3213 incipiunt
460 3118 506 3192 Ut
527 3118 568 3191 dc
583 3117 808 3215 mftcffcripta
826 3117 920 3188 etin
942 3112 1099 3187 secundo
1116 3115 1203 3187 folio
1225 3113 1364 3212 Inscite
1387 3155 1395 3172 ·
1422 3113 1456 3184 ΙΙ
1480 3114 1591 3188 Liber

249 3232 419 3305 Ancelmi
447 3242 486 3303 et
510 3232 638 3323 incipit
668 3228 757 3303 Tres
781 3219 946 3301 tractatui
962 3236 1001 3298 et
1019 3227 1057 3297 in
1079 3223 1234 3298 secundo
1260 3227 1346 3297 folio
1380 3224 1587 3300 Veritatem·

249 3343 284 3414 Ι[
296 3342 488 3418 Sermones
506 3344 552 3416 dc
567 3341 697 3414 sanctis
715 3352 753 3413 ct
770 3342 900 3435 incipit
914 3337 962 3410 In
983 3335 1097 3411 baculo
1113 3362 1185 3410 meo
1202 3349 1240 3409 et
1266 3340 1305 3409 in
1327 3335 1485 3411 secundo
1502 3340 1590 3413 folio

246 3482 273 3528 c.
298 3466 332 3531 ci
354 3457 403 3529 cd
411 3457 523 3553 fidem
549 3497 557 3514 ·
583 3454 618 3527 (i
640 3454 847 3527 Barnardus
864 3452 970 3545 snper
985 3446 1146 3547 genesim
1165 3448 1397 3523 Tmaaucm
1409 3460 1534 3523 erctet
1550 3454 1589 3524 in

248 3568 402 3642 secundo
422 3570 509 3640 folio
526 3566 703 3640 Addidit·
731 3564 765 3637 {I
792 3564 943 3637 Summa
966 3563 1122 3635 cantoris
1145 3559 1345 3656 parisiensis
1367 3564 1405 3633 in
1431 3560 1587 3637 secundo

246 3682 331 3753 folio
355 3680 436 3753 Vics
449 3704 532 3754 cnm
543 3680 622 3774 alijs
634 3674 781 3750 diuerfis
795 3678 1007 3749 tristantibus
1022 3728 1031 3745 .
1046 3673 1080 3746 {I
1094 3670 1347 3768 Expositicnes
1357 3671 1587 3770 epistolarum

248 3792 350 3865 Pauli
369 3804 408 3865 et
425 3795 463 3864 in
481 3772 637 3865 secundo
654 3792 741 3864 folio
765 3788 927 3886 Ecplicit
944 3787 1002 3858 41
1019 3786 1241 3872 Quodlibeta
1257 3786 1377 3859 cciaui
1403 3795 1442 3857 ct
1459 3789 1587 3881 incipit

245 3904 370 3979 Prima
392 3906 519 4002 questio
535 3908 628 3977 etin
646 3904 802 3977 secundo
816 3902 902 3975 folio
918 3900 966 3973 In
982 3898 1117 3995 aliquo·
1137 3897 1398 3983 {anstiones
1409 3898 1432 3969 J
1436 3900 1587 3971 ohannis

246 4016 346 4090 Scoti
378 4016 482 4112 snpcr
508 4020 623 4111 primo
646 4014 906 4088 sententiarum
937 4023 976 4085 et
1003 4014 1183 4105 incipiunt
1222 4008 1326 4083 Oircc
1344 4009 1521 4108 proicpnm
1547 4022 1586 4085 ct

244 4128 456 4203 insecundo
480 4130 567 4202 folio
592 4126 848 4225 Methasestcam
873 4128 911 4197 in
938 4148 1009 4196 vno
1035 4124 1219 4195 volumine
1246 4163 1254 4179 ·
1280 4118 1462 4193 Pastcrcle
1487 4121 1585 4195 beati

245 4242 410 4338 Gregorij
437 4244 536 4315 beati
553 4236 734 4334 Ambrofij
753 4242 798 4313 dc
816 4238 939 4332 officijs
955 4231 1199 4308 ministrorum
1224 4229 1398 4306 ecclciic·
1423 4233 1586 4307 nniber

245 4356 342 4428 beati
369 4354 545 4427 Barnardi
570 4356 616 4427 ad
643 4352 848 4449 Eugenium
886 4372 1017 4445 papam
1051 4350 1089 4419 in
1122 4345 1279 4419 secundo
1310 4346 1397 4417 folio
1425 4346 1546 4419 mucidi
1574 4388 1584 4407 ·

244 4466 280 4539 n
292 4466 562 4541 Concordnncic
576 4466 749 4538 librorum
765 4461 1028 4536 sententiarum
1039 4462 1076 4531 in
1087 4470 1195 4531 textu
1209 4469 1248 4530 et
1264 4460 1393 4551 incipit
1404 4456 1585 4556 lpb’sclidc

242 4592 281 4653 ct
306 4582 343 4653 in
370 4579 525 4653 secundo
552 4578 637 4651 folio
659 4577 760 4676 pinni
776 4614 785 4633 ·
804 4574 838 4647 {I
857 4570 1041 4647 Pastoralc
1067 4568 1247 4665 Ambrofij
1265 4574 1305 4643 in
1321 4567 1478 4645 secundo
1495 4572 1583 4645 folio
