4050 5534
412 653 459 724 74
932 641 1240 716 REGISTRUM
1611 645 1762 740 [secum

416 951 638 1026 Constitutio
655 977 752 1026 noua
767 952 874 1048 super
890 950 1055 1028 clausura
1071 951 1297 1028 mansionum
1315 955 1468 1028 canonic
1480 967 1567 1029 aute
1585 969 1621 1028 et
1639 967 1734 1028 retro
1754 995 1762 1010 ·

418 1180 514 1250 Item
524 1177 701 1253 statutum
712 1173 765 1248 est
775 1199 888 1271 penes
900 1174 1082 1249 clausuros
1092 1173 1332 1270 hospiciorum
1346 1179 1440 1250 inira
1452 1181 1641 1252 canoniam
1657 1175 1763 1250 situs·

306 1326 308 1328 ·
418 1303 539 1364 torum
556 1289 632 1364 sme
656 1290 890 1361 reuocatione
917 1288 1046 1381 prioris
1071 1283 1197 1360 statuti
1224 1286 1376 1384 desuper
1403 1291 1491 1362 editi
1518 1291 1614 1384 quod
1639 1313 1764 1362 omues

419 1406 581 1476 canonici
598 1395 801 1474 mansiones
827 1399 1005 1472 habentes
1031 1395 1123 1492 ipsas
1150 1423 1234 1471 oum
1261 1423 1385 1472 earum
1413 1399 1583 1473 clausuris
1606 1403 1764 1474 maxime

419 1526 506 1588 aute
539 1526 578 1587 et
607 1522 705 1586 retro
736 1511 828 1584 citra
860 1506 993 1582 festum
1028 1507 1138 1582 saufti
1173 1511 1368 1584 Michaelis
1401 1515 1566 1608 proxime
1600 1515 1762 1585 futurum

419 1629 618 1699 reforment
635 1636 674 1698 et
691 1623 910 1696 sufficienter
920 1622 1087 1694 reficiant
1099 1631 1138 1692 et
1151 1623 1219 1694 hoc
1236 1621 1300 1694 sub
1318 1646 1414 1716 pena
1427 1625 1556 1720 viginti
1571 1621 1763 1696 solidorum

420 1763 492 1832 qua
515 1761 610 1833 pena
625 1738 749 1809 leuata
773 1757 847 1806 nou
864 1731 1031 1806 obstante
1048 1734 1144 1825 quod
1162 1733 1294 1806 deiude
1321 1736 1416 1808 infra
1433 1759 1569 1808 anuum
1599 1739 1763 1831 proximo

419 1850 629 1944 sequentem
647 1850 716 1919 hoc
741 1847 876 1919 faciant
893 1842 959 1916 sub
983 1867 1078 1938 pena
1103 1846 1341 1940 quodraginta
1363 1847 1557 1918 solidorum
1575 1858 1614 1920 et
1632 1845 1680 1921 src
1697 1847 1765 1920 iin-

419 1964 514 2058 gulis
531 1963 635 2036 aunis
652 1958 869 2053 duplicando
893 1979 1025 2050 penam
1051 1952 1236 2050 quousque
1252 1957 1547 2030 reformationem
1565 1959 1700 2032 faciant
1726 1971 1765 2032 vt

421 2077 599 2170 prefertur
625 2115 633 2130 ·
662 2071 711 2142 Et
736 2071 833 2162 quod
856 2071 894 2140 in
922 2070 1019 2140 dista
1036 2091 1130 2162 pens
1147 2069 1302 2141 leuando
1319 2069 1421 2142 nulia
1436 2071 1500 2142 fiat
1526 2068 1681 2142 remissio
1705 2069 1764 2144 sed

420 2191 563 2282 integre
580 2186 726 2256 leuetur
742 2193 781 2254 et
797 2181 918 2254 media
935 2203 1017 2274 pers
1035 2182 1081 2252 od
1098 2181 1269 2253 fabricem
1293 2178 1444 2254 ecclesie
1462 2192 1500 2254 et
1518 2183 1590 2254 alia
1613 2205 1696 2278 pars
1720 2186 1764 2256 ad

420 2298 715 2371 reformationem
740 2303 1037 2364 ornamentorum
1064 2289 1215 2364 ecclesie
1240 2304 1474 2366 convertatur
1498 2331 1507 2350 ·
1535 2305 1574 2366 et
1599 2297 1695 2388 quod
1721 2298 1766 2368 ad

419 2409 635 2482 solutionem
651 2407 748 2478 dice
765 2427 859 2498 pene
876 2427 942 2497 per
958 2400 1277 2496 sequestrationem
1304 2406 1484 2478 fructuum
1503 2407 1764 2497 prebendarum

421 2527 459 2594 in
475 2525 544 2595 hac
560 2529 664 2615 porte
681 2517 947 2613 negligentium
966 2516 1183 2608 procedatur
1208 2551 1216 2572 ·
1243 2515 1293 2586 Et
1310 2518 1407 2609 quod
1425 2516 1548 2588 nullus
1573 2522 1765 2591 canonicus

421 2635 520 2706 suam
550 2626 773 2704 mansionem
807 2628 914 2700 alicui
949 2629 1158 2700 committat
1192 2624 1258 2699 nisi
1293 2631 1467 2700 canonico
1501 2625 1671 2702 residenti
1705 2635 1763 2723 qui

420 2747 566 2839 quidem
584 2743 778 2815 canonicus
795 2735 843 2811 src
860 2735 1019 2811 residens
1045 2737 1248 2810 huiufiuodi
1266 2736 1487 2811 mansionem
1505 2763 1578 2812 nou
1595 2739 1765 2814 sisedabit

419 2859 623 2948 cuicunque
638 2851 788 2947 persone
805 2847 871 2922 nisr
884 2847 1030 2945 presens
1043 2873 1108 2943 per
1121 2849 1321 2942 capitulum
1335 2853 1566 2925 examinetur
1582 2863 1621 2924 et
1638 2855 1766 2926 admit·

419 2980 521 3041 tetur
537 3009 545 3026 ·
565 2965 617 3037 Et
634 2961 660 3036 sr
677 2963 778 3036 secus
796 2963 931 3034 fodcum
957 2962 1069 3032 fuerit
1086 2961 1147 3032 uel
1165 2970 1427 3056 attemptatum
1453 2987 1527 3034 non
1545 2963 1682 3037 valebit
1700 2964 1764 3037 'sed

421 3083 466 3152 de
483 3081 579 3150 dieta
595 3072 779 3148 mansione
796 3073 998 3166 capitulum
1014 3071 1222 3166 prouidebit
1240 3113 1248 3130 ·

470 3302 529 3372 De
553 3321 667 3392 cappa
692 3294 865 3368 soluenda
887 3317 954 3389 per
978 3297 1194 3367 canonicum
1220 3298 1420 3369 intrantem
1447 3297 1653 3392 priusquam
1670 3302 1714 3372 ad

850 3408 1094 3479 communiam
1113 3409 1332 3500 recipiatur·

420 3637 515 3707 Item
534 3635 630 3727 quod
656 3631 810 3725 quilibet
836 3631 1031 3702 canonicus
1057 3629 1201 3723 presens
1227 3631 1366 3703 intrans
1384 3631 1443 3704 uei
1462 3635 1661 3706 intraturus
1687 3659 1766 3729 pre-

418 3746 577 3821 sentabit
603 3767 713 3816 uuam
740 3764 892 3836 cappam
926 3739 1074 3812 sericom
1111 3751 1175 3813 aut
1210 3742 1420 3814 deauratam
1456 3741 1692 3819 sufficientem
1726 3763 1765 3822 et

417 3856 603 3931 honestam
621 3855 682 3926 uel
708 3855 886 3925 decimam
913 3864 1054 3945 partem
1079 3848 1142 3924 sue
1167 3853 1352 3946 prebende
1375 3857 1470 3928 infre
1485 3879 1622 3930 annum
1639 3861 1766 3932 imme-

419 3973 517 4042 diate
542 3964 622 4061 post
647 3964 746 4037 fuam
772 3966 1020 4058 receptionem
1050 3986 1115 4056 pro
1143 3987 1257 4058 cappa
1291 3965 1435 4038 decenti
1466 3992 1531 4061 per
1563 3973 1762 4064 capitulum

418 4081 593 4154 emenda·
609 4101 676 4150 nec
689 4077 769 4169 quis
782 4076 1000 4147 admittatur
1011 4076 1058 4146 ad
1072 4079 1315 4148 communiam
1328 4081 1570 4172 recipiendam
1587 4079 1652 4153 nisr
1667 4087 1764 4177 prius

417 4217 531 4288 cappa
545 4191 664 4262 soluta
680 4187 740 4260 uei
757 4189 924 4281 portione
951 4188 1111 4280 predifto
1136 4187 1198 4258 sue
1223 4188 1432 4281 prebende·
1452 4189 1501 4262 m
1527 4193 1571 4264 od
1590 4196 1765 4288 reeipien-

416 4310 503 4378 dum
521 4300 723 4375 huiusmodi
748 4296 906 4371 summas
923 4297 1165 4372 thesaurarius
1190 4296 1244 4370 est
1270 4323 1333 4392 per
1350 4302 1551 4394 capitulum
1569 4305 1765 4398 deputatus

416 4415 549 4510 quide
577 4411 725 4484 summis
755 4409 803 4482 fic
832 4411 1050 4503 recipiendis
1075 4413 1250 4482 rationem
1280 4412 1409 4484 reddet
1439 4415 1599 4506 capitulo
1619 4418 1764 4509 quando

416 4527 520 4621 super
536 4527 604 4596 hoc
621 4547 686 4617 per
702 4521 902 4615 capitulum
920 4522 1032 4592 suerit
1048 4519 1239 4614 requisitus
1257 4563 1264 4578 ·
