4050 5534
426 662 498 729 322
941 652 1247 729 REGIS'I'RUM
1538 658 1761 754 [sensnum.

426 859 526 953 regni
556 856 681 929 Scotie
699 892 846 915 ······
866 856 911 927 ln
939 858 1041 928 cuius
1068 857 1119 927 rei
1148 853 1393 928 testimonium
1420 858 1504 931 huie
1530 867 1629 931 earte
1646 856 1763 931 nostre

425 994 534 1043 manu
553 967 674 1042 nostra
699 965 895 1063 subscripto
923 963 1079 1065 ligillum
1104 964 1262 1041 nostrum
1283 970 1479 1042 rotundum
1504 994 1658 1043 unacum
1684 970 1763 1043 sub

425 1081 677 1179 scriptionibus
687 1080 916 1153 manualibus
929 1078 1143 1175 prelidentia
1153 1084 1477 1177 canonicorumque
1490 1084 1573 1155 dieti
1588 1080 1697 1155 nostri
1708 1108 1764 1157 ea-

425 1196 533 1290 pitnli
549 1206 588 1268 et
605 1196 701 1267 idem
718 1217 784 1288 pro
800 1204 965 1289 tempore
990 1191 1314 1288 representantium
1331 1216 1485 1269 unacum
1505 1220 1629 1267 eorum
1650 1193 1763 1293 sigillo

426 1310 608 1387 communi
635 1310 672 1379 in
701 1304 840 1403 lignum
874 1328 999 1377 eorum
1035 1302 1223 1379 consensus
1253 1316 1291 1379 et
1320 1302 1473 1379 offensus
1500 1306 1583 1381 sunt
1612 1308 1763 1403 appensa

425 1423 520 1515 apud
545 1422 732 1493 ciuitatem
757 1415 913 1491 nostram
939 1415 1235 1491 Aberdonensem
1266 1418 1391 1491 odtauo
1417 1419 1475 1492 die
1503 1417 1633 1493 meniis
1660 1420 1761 1516 Juuij

426 1558 521 1607 anno
551 1534 699 1605 Domini
728 1528 918 1604 millesimo
949 1528 1236 1627 quingentefimo
1266 1526 1482 1626 sexagesimo
1512 1530 1613 1604 sexto
1644 1556 1761 1606 coram

425 1648 481 1719 bis
491 1642 643 1718 testibus
654 1640 822 1741 magistro
833 1644 994 1717 Roberto
1007 1642 1189 1715 bumsden
1201 1642 1247 1715 de
1347 1640 1561 1717 Alexandro
1574 1646 1762 1718 Forbesde

426 1756 646 1852 Auchanasy
659 1798 668 1815 ·
682 1754 894 1829 Alexandro
906 1755 983 1849 Pap
996 1796 1004 1813 ·
1018 1752 1185 1850 magistro
1199 1754 1224 1825 J
1226 1778 1342 1827 oanne
1356 1753 1599 1829 Robertsone·
1618 1756 1762 1829 Pmuiso

426 1886 549 1948 tamen
566 1896 632 1967 per
647 1872 769 1943 omnia
784 1870 881 1961 quod
898 1869 1052 1961 quilibet
1070 1870 1173 1939 heres
1191 1878 1255 1939 aut
1272 1864 1465 1965 allignatns
1482 1870 1519 1941 in
1537 1872 1653 1964 primo
1669 1894 1762 1944 anno

426 1990 596 2060 introitus
618 1986 664 2057 ud
680 1992 917 2055 memoratam
946 1982 1131 2054 baroniam
1163 1980 1223 2052 seu
1242 1980 1391 2053 schiram
1418 1992 1531 2054 terras
1557 1984 1763 2057 molendina
1841 2022 1846 2027 ·

425 2098 572 2194 piscaria
604 2120 687 2169 eum
704 2093 900 2168 earundem
927 2092 1130 2189 pandiculis
1156 2102 1193 2164 et
1219 2094 1451 2187 pertineneijs
1468 2092 1638 2167 uniuersis
1660 2094 1763 2191 supra

425 2211 565 2305 scriptis
600 2211 731 2282 distam
756 2207 993 2279 leodidrmam
1018 2205 1217 2299 duplicabit
1254 2206 1358 2277 iuxta
1387 2202 1651 2299 dispolitionem
1676 2210 1763 2280 iuris

425 2322 653 2418 municipalis
678 2321 785 2392 huius
808 2321 908 2413 regni
926 2342 969 2390 ac
986 2314 1012 2389 fi
1031 2316 1175 2411 presens
1197 2316 1355 2389 elaulirla
1372 2318 1409 2387 in
1427 2342 1572 2412 corpore
1590 2318 1763 2415 presentis

426 2446 525 2509 carte
541 2431 674 2507 inserta
689 2426 777 2503 all'et
794 2432 887 2502 tanti
906 2432 975 2501 erit
992 2430 1128 2501 roboris
1145 2439 1183 2501 et
1201 2432 1374 2501 momenti
1393 2468 1401 2485 ·
1419 2470 1428 2487 ·
1445 2468 1455 2485 ·

427 2661 508 2733 Hee
526 2656 580 2732 est
597 2682 681 2730 vera
697 2658 800 2751 eopia
813 2652 1038 2748 transumpta
1051 2664 1089 2726 et
1103 2652 1232 2749 scripta
1245 2678 1309 2749 per
1325 2679 1384 2726 me
1400 2656 1627 2731 Willelmum
1646 2658 1763 2733 Bruce

427 2774 607 2845 notarium
624 2769 811 2865 publicum
830 2768 874 2841 ad
893 2768 959 2839 beo
976 2777 1143 2863 rogatum
1162 2778 1200 2839 et
1216 2764 1436 2861 reqnilitum.

1402 2878 1463 2953 W.
1483 2882 1525 2955 B.
1554 2884 1602 2955 N.
1622 2886 1663 2957 P.

428 3113 508 3183 Nos
532 3106 761 3203 infrascripti
779 3106 959 3180 lbcietatis
981 3103 1069 3179 Jesu
1088 3102 1289 3179 sacerdotes.
1315 3105 1489 3179 testamur
1513 3108 1617 3203 lbpra
1634 3108 1764 3206 scripta

427 3249 473 3297 ex
491 3222 702 3295 authentico
726 3244 835 3293 mann
853 3221 983 3291 notarii
1008 3218 1143 3311 publici
1169 3218 1325 3293 fideliter
1349 3217 1562 3315 transcripta
1580 3224 1637 3295 die
1655 3228 1764 3297 tertio

429 3334 640 3410 Decembris
656 3335 739 3406 anni
761 3334 856 3407 1668

848 3442 1060 3517 Alexander
1076 3443 1105 3515 C
1124 3482 1132 3499 ·
1150 3486 1158 3501 ·
1179 3486 1186 3502 ·
1207 3486 1215 3503 ·
1234 3444 1415 3519 societatis
1438 3444 1523 3518 Jesu
1550 3444 1709 3521 sacerdos
1725 3463 1764 3521 et

899 3558 936 3627 in
953 3554 1115 3628 milllone
1134 3556 1277 3629 Scotica
1293 3581 1357 3652 pro
1375 3568 1537 3651 tempore
1555 3558 1737 3653 superior·

847 3670 1025 3764 Georgius
1043 3666 1199 3743 Lessaeus
1217 3668 1395 3742 societatis
1411 3670 1436 3741 J
1438 3669 1496 3742 esu
1508 3668 1668 3745 sacerdos
1686 3715 1697 3731 -
