4050 5534
430 655 502 722 300
947 645 1255 724 REGISTRUM
1616 645 1769 744 [sneunr

430 846 578 941 poribus
600 846 815 919 celebranda
843 871 909 942 pro
925 850 1046 921 anima
1062 847 1239 922 lobannis
1262 849 1443 944 quondam
1460 847 1603 920 eomitis
1620 845 1666 917 de
1684 843 1768 916 Mar

431 969 470 1032 et
487 959 644 1033 Gariocb
661 969 700 1030 et
716 983 780 1054 pro
797 962 919 1032 anima
934 959 1144 1056 Margarete
1161 961 1248 1033 olim
1265 963 1390 1058 regine
1407 959 1531 1034 Seotie
1556 956 1708 1030 oriunde
1724 955 1769 1026 de

433 1071 620 1145 Denmark
636 1095 701 1165 pro
715 1073 906 1145 fundatore
923 1071 1082 1146 eiusdem
1096 1098 1138 1146 no
1151 1096 1216 1168 pro
1229 1073 1416 1146 animabus
1429 1074 1590 1144 omniurn
1607 1067 1768 1141 fidelium

431 1185 681 1256 <teloneorum
705 1193 744 1256 et
769 1186 808 1255 in
825 1184 968 1256 lauaem
992 1182 1094 1258 mille
1113 1185 1193 1280 post
1210 1187 1367 1259 offieinm
1390 1187 1435 1258 de
1460 1183 1646 1280 profundis
1671 1201 1770 1253 more

430 1295 534 1373 solito
552 1305 590 1368 et
606 1294 777 1368 eonsueto
795 1319 867 1369 rna
882 1319 967 1370 eum
984 1300 1147 1392 exequiis
1165 1298 1412 1372 desunttornm
1431 1295 1662 1390 solempniter
1678 1290 1771 1364 eele-

431 1409 575 1480 brandis
599 1409 638 1480 ix
659 1407 855 1480 ledtionum
880 1433 964 1482 cum
989 1413 1221 1505 reputatione
1246 1415 1348 1505 tereij
1368 1406 1571 1504 responsarij
1597 1402 1706 1478 semel
1731 1404 1769 1474 in

431 1543 525 1591 anno
542 1516 691 1616 singulis
707 1523 811 1592 annis
826 1526 1012 1616 perpetuis
1029 1524 1161 1595 suturis
1178 1525 1400 1618 temporibus
1425 1530 1533 1618 prout
1549 1523 1586 1592 in
1605 1527 1767 1590 extremo

430 1633 563 1704 indicio
576 1655 695 1706 eoram
707 1630 845 1706 summo
857 1635 977 1707 iudice
989 1633 1203 1730 respondere
1212 1636 1430 1708 voluerimus
1441 1675 1450 1692 ·
1463 1634 1508 1705 In
1522 1634 1624 1705 ouius
1634 1633 1686 1702 rei
1698 1623 1765 1701 tes·

429 1746 622 1816 timonium
634 1739 791 1840 tigillum
803 1742 963 1818 nostrum
976 1770 1168 1820 commune
1184 1749 1324 1842 prefate
1338 1748 1465 1820 domus
1477 1742 1701 1840 presentibus
1713 1735 1765 1814 est

429 1854 625 1950 appensum
637 1857 731 1951 apud
745 1854 906 1930 nostrum
919 1857 1176 1932 monasterium
1189 1862 1234 1934 de
1245 1861 1418 1934 Aberden
1429 1861 1556 1952 quinto
1569 1857 1628 1928 die
1638 1848 1768 1926 mensis

429 1965 586 2064 Augusti
598 1991 692 2041 anno
706 1969 855 2042 Domini
866 1991 1165 2044 raccccnxxxm
1180 1997 1320 2048 ·ooram
1330 1973 1399 2045 biis
1412 1967 1563 2044 testibus
1577 1968 1765 2040 videlieet·

430 2081 511 2152 Nos
527 2081 639 2153 frater
654 2081 841 2154 lohannes
858 2082 985 2179 Penny
1001 2087 1099 2177 prior
1115 2081 1217 2157 tellis
1242 2108 1352 2158 mauu
1376 2085 1543 2180 propria·
1563 2079 1642 2176 Ego
1659 2080 1769 2152 frater

430 2193 611 2266 Henrieus
626 2192 780 2266 Jaelbne
796 2193 975 2268 subscribo
992 2197 1131 2268 retifieo
1149 2207 1187 2270 et
1204 2197 1362 2292 approbo
1379 2221 1488 2269 manu
1505 2195 1671 2290 pmpria·
1690 2191 1767 2288 Ego

426 2307 537 2379 frater
549 2306 717 2379 Andreas
734 2304 903 2379 Sanester
919 2305 1022 2380 testis
1038 2331 1149 2382 manu
1167 2313 1331 2405 propria·
1347 2310 1396 2381 Et
1414 2333 1480 2406 ego
1497 2307 1608 2379 frater
1621 2303 1767 2376 Willel-

426 2443 508 2490 mns
524 2419 671 2490 Aeblek
691 2417 881 2490 similiter·
901 2419 951 2492 Et
972 2445 1039 2514 ego
1065 2423 1177 2494 frater
1194 2423 1316 2494 Dauid
1333 2421 1483 2494 Andree
1508 2416 1672 2492 similiter
1688 2457 1698 2474 ·
1717 2415 1766 2489 Et

427 2555 494 2626 ego
511 2532 622 2603 frater
634 2531 801 2603 Andreas
814 2531 973 2626 Kynloll
982 2531 1146 2605 fimiliter
1160 2575 1167 2592 ·
1182 2533 1231 2607 Et
1250 2559 1316 2630 ego
1333 2535 1447 2606 frater
1459 2531 1624 2604 Andreas
1640 2528 1765 2602 Forrns

427 2639 610 2714 similiter·
623 2641 673 2714 Et
686 2666 753 2739 ego
765 2643 976 2736 Nyobolans
986 2644 1119 2718 Brown
1133 2643 1297 2719 {imiliter
1310 2688 1318 2706 ·
1331 2647 1382 2718 Et
1396 2669 1462 2741 ego
1476 2647 1585 2716 frater
1596 2642 1766 2736 Myebael

429 2757 560 2828 Fowlis
577 2753 742 2828 similiter
757 2795 766 2812 ·
784 2755 834 2828 Et
858 2780 925 2852 ego
950 2758 1061 2830 frater
1084 2758 1271 2832 Jobannes
1288 2759 1395 2832 Vode
1418 2753 1581 2829 similiter
1600 2796 1607 2813 ·
1628 2754 1678 2827 Et
1701 2778 1767 2850 ego

428 2870 538 2942 frater
554 2868 733 2965 Georgius
750 2867 847 2965 Crag
862 2867 1027 2943 fimiliter
1043 2909 1052 2928 ·
1070 2879 1152 2943 ete·

427 3205 613 3304 Obligatio
630 3205 798 3280 Fratrum
815 3207 1093 3281 carmelitarum
1110 3207 1156 3280 de
1172 3203 1283 3280 millis
1299 3207 1549 3280 celebrandis·

427 3409 624 3506 Vniuersrs
635 3441 674 3503 et
687 3425 835 3526 lingulis
847 3430 1103 3504 sandematris
1120 3429 1268 3505 eeelesre
1284 3431 1367 3526 filijs
1384 3433 1429 3505 ad
1447 3455 1599 3526 qnorum
1615 3435 1766 3506 notieius

427 3543 610 3640 presentes
627 3543 751 3615 littere
767 3545 1001 3638 peruenerint
1024 3565 1090 3615 nos
1106 3544 1218 3617 smter
1241 3542 1267 3616 J
1268 3545 1429 3617 ohannes
1446 3543 1600 3638 Rattray
1619 3544 1767 3616 humilis

427 3660 524 3753 prior
533 3657 667 3728 ordinis
683 3654 960 3728 Carmelitnrum
979 3656 1024 3728 de
1037 3653 1223 3727 Abirdene
1245 3665 1284 3727 et
1301 3665 1502 3728 conuentus
1520 3653 1678 3728 eiusdem
1696 3679 1766 3728 vna

427 3792 510 3842 enm
527 3765 699 3841 consensu
712 3778 750 3839 et
763 3765 899 3839 assensu
917 3767 1130 3839 venerabilis
1140 3765 1301 3863 magistri
1314 3768 1433 3838 fratris
1442 3765 1620 3839 Jobannis
1631 3765 1764 3840 Wulcb

428 3880 656 3975 prouincialis
673 3883 786 3952 totins
802 3881 938 3953 ordinis
955 3878 1231 3953 carmelitarum
1249 3902 1314 3973 per
1326 3889 1445 3952 totum
1462 3901 1614 3973 regnum
1637 3879 1764 3952 Sooeie

427 3993 580 4066 salutem
592 4029 602 4049 ·
615 3992 783 4077 Quumvt
797 3987 1034 4086 aitapol'tolus
1046 4014 1171 4063 omnes
1183 3987 1353 4063 stabimus
1363 3997 1449 4062 ante
1459 3991 1617 4062 tribunal
1629 3991 1763 4064 domini

428 4102 537 4178 nostri
551 4103 656 4176 Iebsu
674 4101 805 4177 Christi
823 4106 1003 4199 recepturi
1021 4113 1128 4197 prout
1144 4105 1182 4175 in
1200 4127 1347 4198 corpore
1362 4099 1530 4198 gelllmus
1543 4099 1617 4176 fine
1629 4104 1764 4175 bonurn

428 4221 537 4290 fuerit
550 4215 625 4289 srue
637 4216 774 4289 malum
792 4255 801 4274 ·
816 4217 915 4289 Hine
933 4212 1095 4310 estquod
1112 4213 1281 4310 magister
1297 4215 1433 4308 Symon
1446 4213 1560 4287 Dodis
1572 4217 1763 4288 canonieus

427 4325 575 4402 eoeleste
586 4327 800 4401 cathedralis
817 4324 1085 4401 Aberdonensrs
1098 4351 1140 4400 ae
1156 4327 1413 4422 prebendarius
1427 4327 1472 4398 de
1484 4325 1708 4422 Innernotby
1724 4331 1761 4400 in

428 4450 663 4536 angmentum
687 4441 800 4512 diuini
818 4440 938 4512 eultns
960 4451 998 4512 et
1019 4440 1325 4534 supportationem
1343 4441 1566 4533 paupertatis
1587 4441 1761 4534 predidto-

427 4575 505 4624 rum
516 4553 669 4623 fratrum
679 4561 718 4624 et
728 4562 931 4630 conuentus
941 4551 1100 4626 eiusdem
1112 4553 1215 4626 nobis
1226 4553 1415 4627 caritatine
1426 4555 1761 4646 manusporrexerit
