4050 5534
249 663 357 759 inc]
627 704 631 710 -
712 663 1114 742 neaunouuuen
1509 677 1577 751 au

249 864 428 938 Similiter
442 861 469 936 fi
486 863 615 959 aliquis
633 867 821 940 hominum
843 864 987 940 suorum
1004 863 1050 939 fit
1071 868 1110 938 in
1134 868 1391 938 merciamento
1407 890 1493 963 erge
1516 892 1582 941 nos

249 977 308 1048 vel
324 977 478 1050 balliuos
492 974 632 1051 nostros
653 1001 719 1073 pro
735 985 949 1073 quocunque
965 977 1071 1053 causa
1095 978 1153 1052 vel
1170 978 1301 1050 delidco
1325 979 1381 1051 vel
1404 979 1581 1054 foriffedco

249 1091 382 1162 mercie
393 1101 432 1164 et
447 1093 867 1185 merciamentapecunie
879 1087 951 1164 sint
960 1091 1110 1164 collebta
1126 1097 1164 1162 et
1178 1092 1216 1162 in
1230 1113 1300 1162 vna
1311 1087 1418 1163 bursa
1433 1093 1478 1167 ad
1489 1089 1582 1165 scac-

249 1203 386 1273 carium
402 1197 562 1274 nostrum
584 1211 728 1296 portata
747 1213 786 1276 et
807 1203 977 1297 predidtis
991 1203 1163 1276 fratribus
1183 1197 1255 1274 sint
1279 1201 1415 1274 ibidem
1431 1203 1583 1278 liberata

248 1308 391 1386 seruata
404 1315 503 1409 regie
513 1311 709 1387 maiestatis
719 1312 860 1388 iusticia
870 1314 997 1390 mortis
1007 1323 1047 1388 et
1055 1313 1297 1386 membrorum
1315 1354 1324 1371 ·
1343 1312 1583 1388 Concedimus

248 1421 392 1520 insuper
407 1428 460 1498 eis
475 1426 572 1519 quod
588 1425 675 1499 licet
691 1427 811 1521 aliqua
820 1427 1030 1500 libertatum
1041 1424 1183 1500 suamm
1196 1435 1448 1499 contentarum
1464 1428 1503 1500 in
1515 1428 1582 1502 hac

249 1545 350 1610 carta
360 1561 425 1632 pro
441 1539 614 1633 temporis
630 1538 870 1612 diuturnitate
880 1561 1095 1632 quocunque
1108 1534 1191 1610 casu
1201 1539 1436 1634 contingente
1448 1535 1500 1611 vsi
1509 1563 1582 1612 non

98 1707 103 1718 .
249 1651 386 1724 suerint
402 1649 655 1723 nichilominus
670 1660 794 1723 tamen
811 1651 938 1724 eadem
955 1653 1124 1725 libertate
1141 1650 1187 1723 de
1204 1656 1326 1721 cetero
1342 1658 1491 1723 vtantur
1506 1647 1582 1725 fine

249 1761 370 1854 aliqua
385 1763 665 1835 contradidione
681 1785 755 1834 non
771 1759 936 1836 obstante
952 1787 996 1836 eo
1013 1762 1109 1856 quod
1125 1783 1190 1855 per
1214 1763 1386 1854 temporis
1403 1762 1582 1836 diuturni·

250 1883 365 1947 tatem
382 1899 426 1948 ea
437 1870 487 1946 vfi
512 1897 585 1946 non
608 1873 743 1948 fuerint
758 1870 851 1948 ficut
874 1877 1074 1969 predictum
1091 1870 1170 1946 est·
1191 1872 1272 1946 Hec
1285 1875 1406 1947 omnia
1422 1875 1582 1969 predidca

249 1995 289 2058 et
305 1988 427 2059 omnia
442 1986 514 2059 alia
525 1985 673 2058 seruicia
683 1984 857 2060 secularia
872 1998 911 2060 et
927 1985 1206 2062 consuetudines
1222 2008 1293 2078 que
1309 1986 1349 2056 in
1365 1984 1433 2058 hoc
1450 1985 1581 2081 scripto

249 2122 322 2170 non
336 2098 689 2194 comprehenduntur
700 2100 752 2171 eie
763 2099 994 2172 concedimus
1007 2108 1047 2172 et
1057 2097 1309 2172 confirmamus
1321 2099 1359 2169 in
1372 2109 1583 2194 perpetuam

250 2207 480 2284 elemosinam
508 2233 590 2284 cum
612 2211 779 2282 omnibus
800 2210 1027 2284 libertatibus
1053 2219 1093 2284 et
1118 2209 1242 2284 liberie
1265 2207 1583 2284 consuetudinibus

251 2347 339 2417 quas
354 2326 453 2421 regia
471 2320 628 2418 potestas
645 2321 793 2395 liberius
810 2323 917 2396 alicui
939 2323 1063 2395 domui
1079 2321 1263 2417 religionis
1285 2322 1448 2395 conferre
1464 2320 1583 2417 potest

250 2459 316 2531 pro
332 2435 404 2508 Dei
421 2458 541 2507 amore
558 2444 597 2506 et
612 2457 677 2529 pro
694 2436 815 2507 anima
830 2435 967 2507 domini
991 2434 1114 2507 Dauid
1130 2433 1225 2529 regis
1239 2431 1362 2506 Scotie
1374 2443 1413 2506 et
1429 2457 1494 2530 pro
1507 2438 1583 2508 ani-

251 2571 311 2619 ma
327 2547 463 2619 domini
480 2545 660 2618 Willelmi
685 2547 780 2642 regis
805 2543 918 2641 patris
940 2543 1051 2618 nostri
1068 2557 1107 2618 et
1123 2567 1187 2640 pro
1212 2545 1399 2618 animabus
1422 2548 1583 2619 omnium

251 2642 508 2732 autecessorum
525 2669 564 2731 et
579 2653 814 2730 successorum
824 2655 1027 2731 nostrorum
1040 2699 1049 2716 ·
1061 2657 1112 2730 Et
1123 2657 1355 2752 prohibemus
1364 2655 1470 2752 super
1485 2657 1584 2731 foris·

250 2771 423 2843 usuram
439 2767 595 2843 nostrum
621 2769 717 2863 quod
734 2770 855 2842 nullus
879 2773 931 2843 eis
957 2771 1016 2843 vel
1032 2771 1237 2842 bominibus
1256 2767 1328 2841 suis
1345 2780 1471 2844 contra
1492 2771 1584 2844 hanc

250 2891 387 2954 mam
404 2883 443 2953 in
458 2881 579 2974 aliquo
591 2879 781 2960 forisfaciat
796 2884 882 2974 quia
890 2879 983 2978 ipsos
999 2883 1162 2955 homines
1179 2880 1260 2954 suos
1279 2891 1318 2955 et
1334 2904 1459 2955 omnes
1475 2905 1532 2957 res
1546 2893 1585 2956 et

249 2989 475 3087 possessiones
500 2992 581 3066 suas
607 3002 647 3066 et
672 2993 859 3066 bominum
887 2993 1032 3068 suorum
1051 2996 1089 3066 in
1110 2989 1308 3067 custodiam
1335 3003 1374 3065 et
1394 2991 1583 3089 specialem

249 3105 512 3199 protestionem
528 3103 685 3178 nostram
701 3103 918 3201 suscepimus
936 3148 945 3165 ·
964 3106 1048 3201 Hijs
1064 3102 1216 3177 testibus
1232 3115 1292 3177 etc
1308 3141 1317 3161 ·
1334 3105 1473 3178 Datum
1489 3107 1583 3201 apud

251 3215 467 3312 Streuelyne
477 3217 688 3290 duodecimo
701 3217 761 3290 die
771 3216 902 3292 mensio
911 3219 935 3292 J
937 3218 1073 3312 anuarij
1086 3239 1181 3306 auno
1191 3218 1292 3312 regni
1302 3213 1584 3291 nostriviceiimo

250 3326 405 3401 secundo
424 3369 433 3387 ·

254 3663 363 3739 Carta
372 3665 554 3760 Radulpbi
564 3664 718 3760 episcopi
730 3667 777 3738 de
787 3661 935 3740 ecclesia
945 3666 990 3738 de
1000 3664 1152 3758 Obeyne
1163 3664 1331 3739 fratribus
1341 3664 1584 3738 miliciedata·

255 3859 448 3963 Omnibus
461 3887 594 3962 christi
606 3890 771 3963 fidelibus
787 3890 833 3963 ad
850 3911 940 3983 quos
949 3888 1094 3984 presens
1107 3885 1278 3983 scriptum
1296 3892 1502 3983 peruenerit
1515 3889 1586 3960 Ra

253 4001 408 4096 dulphus
417 3997 642 4095 permissione
656 4002 779 4074 diuina
789 3998 938 4075 ecclesie
949 3998 1216 4074 Aberdonensrs
1229 3998 1427 4096 [minister]
1442 4002 1587 4074 humilis

254 4126 416 4188 eternam
432 4117 469 4185 in
484 4115 629 4186 domino
646 4111 800 4187 salutem
818 4154 828 4173 ·
846 4111 1037 4186 Noueritis
1052 4109 1206 4184 vniucrsr
1217 4136 1284 4185 nos
1301 4115 1424 4186 diuino
1440 4115 1587 4208 pietatis

253 4222 525 4298 intuitudediise
536 4221 736 4299 conceffiise
747 4234 786 4298 ct
796 4221 1103 4299 hcccartanostra
1113 4220 1332 4297 confirmasse
1342 4225 1423 4298 Deo
1433 4235 1472 4298 et
1482 4225 1589 4298 beate

255 4337 373 4410 llario
397 4349 437 4410 et
453 4339 622 4411 fratribus
638 4337 774 4410 milicie
799 4337 927 4432 templi
944 4336 1149 4410 Salomonis
1173 4337 1212 4408 in
1235 4335 1358 4410 Scotia
1382 4338 1477 4432 apud
1503 4337 1589 4410 Oul-

256 4461 311 4522 tre
326 4446 532 4524 constitutis
548 4451 594 4522 ad
610 4447 914 4544 presentationem
925 4447 1056 4522 nobilis
1069 4449 1136 4520 viri
1149 4447 1284 4520 domini
1295 4447 1453 4522 Walteri
1466 4443 1589 4544 Byiset

254 4557 436 4635 ecclesiam
455 4563 500 4634 de
516 4560 667 4656 Obsyne
693 4584 776 4634 cum
802 4561 950 4656 capellis
977 4562 1082 4634 terris
1110 4561 1258 4634 decimis
1284 4561 1526 4636 oblationibus
1551 4573 1589 4634 et
