4050 5534
244 658 338 753 xv]
710 661 1116 736 aananonnusn.
1514 670 1585 737 eos

342 944 353 963 ⁶
756 860 944 933 lohannes
961 860 1069 933 Olat·

242 977 380 1062 Quarto
406 974 581 1046 kalendas
608 970 766 1067 Augusti
792 974 914 1045 obitus
939 969 1098 1067 magistri
1123 972 1301 1045 Jobannis
1332 974 1417 1046 Olet
1440 976 1486 1046 de
1509 999 1581 1067 quo

243 1088 541 1159 commemoracio
565 1087 754 1158 annuatim
773 1087 819 1157 de
837 1087 897 1179 viij
916 1083 1038 1157 solidis
1056 1088 1165 1157 annui
1182 1086 1346 1158 redditus
1362 1088 1408 1159 de
1427 1087 1461 1159 le
1486 1111 1583 1158 now-

171 1218 173 1223 ·
243 1199 363 1271 landis
372 1224 438 1295 per
451 1199 603 1271 heredes
618 1196 852 1293 Kymbysone
866 1200 912 1271 de
929 1194 1100 1271 consensu
1114 1195 1274 1292 magistri
1287 1197 1399 1270 Alani
1414 1198 1581 1271 Fwtlres·

730 1422 943 1496 Willelmus
962 1422 1103 1494 Lethe·

244 1538 361 1609 Nonis
378 1534 535 1633 Augusti
560 1539 682 1609 obitus
700 1534 881 1607 Willelmi
900 1534 1021 1607 Lethe
1045 1545 1085 1606 et
1103 1530 1281 1608 cristiana
1306 1533 1432 1630 sponse
1452 1534 1515 1607 sue
1536 1538 1581 1608 de

241 1651 370 1742 quibus
400 1649 700 1722 commemoracio
734 1650 780 1720 de
815 1648 876 1741 xvj
902 1648 932 1719 ἔ.
967 1648 1013 1719 de
1039 1648 1164 1721 croftis
1198 1650 1387 1721 annuatim
1418 1648 1581 1722 leuandis

242 1762 376 1833 Orestis
392 1764 535 1834 vokat’·

702 1982 850 2081 Anguis
859 1984 1090 2080 Glennysone
1108 2027 1116 2042 ·

241 2098 361 2170 'lertio
379 2098 466 2171 ldus
483 2095 640 2196 Augusti
658 2095 807 2195 Anguis
816 2096 1047 2191 Glennysone
1072 2093 1256 2193 burgensls
1282 2099 1328 2170 de
1344 2098 1518 2171 Aberden
1545 2109 1583 2171 et

241 2210 351 2283 Anna
376 2236 465 2284 vxor
491 2214 568 2284 eius
594 2213 772 2284 dederunt
797 2222 972 2306 perpetuo
998 2212 1124 2282 decem
1151 2212 1181 2282 ἔ.
1208 2212 1319 2282 annui
1348 2213 1512 2284 redditus
1538 2213 1583 2283 de

242 2327 344 2396 terris
360 2323 432 2397 suis
454 2334 562 2419 prout
587 2327 626 2397 in
651 2334 751 2397 carta
776 2326 984 2397 continetur
1007 2346 1073 2417 pro
1090 2345 1161 2393 vno
1186 2325 1372 2419 trigentali
1396 2326 1584 2397 annuatim

242 2436 454 2509 celebrando
478 2461 544 2531 per
569 2437 773 2532 capellanos
801 2438 840 2507 in
875 2431 1028 2507 crastino
1058 2433 1168 2507 saneti
1204 2435 1394 2530 lrauremij
1426 2437 1582 2509 martiris

242 2572 337 2620 omm
354 2573 475 2621 anno·

731 2772 943 2843 Alexander
960 2767 1095 2842 Oissor·

243 2884 465 2958 Duodecimn
499 2884 673 2957 kalendas
716 2883 942 2978 Septembris
976 2883 1099 2955 obitus
1133 2882 1334 2955 Alexandri
1369 2880 1512 2957 Cissoris
1546 2895 1585 2956 et

241 2998 375 3071 Oecilie
400 2994 525 3091 sponse
550 2993 612 3068 sue
630 2998 691 3089 qui
710 2998 890 3083 dederunt
915 2996 1164 3067 molendinum
1188 2996 1235 3067 de
1260 2996 1473 3068 Mundumo
1497 3034 1507 3053 ·
1534 2996 1583 3068 Et

240 3112 368 3183 eodem
385 3112 443 3182 die
460 3111 582 3181 obitus
600 3110 737 3180 domini
760 3108 905 3181 Mathei
929 3105 1084 3203 episcopi
1103 3105 1373 3181 Aberdonenfis
1391 3109 1583 3201 dequibus

241 3223 536 3295 commemoraeio
554 3222 600 3293 de
617 3224 682 3316 xiij
706 3223 736 3293 s.
754 3224 807 3319 iiij
824 3218 861 3293 d.
879 3222 924 3293 de
943 3222 1039 3294 dido
1060 3219 1268 3292 molendino
1293 3258 1302 3276 ·
1327 3219 1425 3291 Item
1441 3222 1480 3292 in
1498 3218 1586 3293 cista

242 3338 422 3407 communi
440 3336 635 3407 inuenietis
660 3334 803 3407 literam
821 3335 1000 3406 libertatis
1018 3334 1216 3405 molendini
1242 3334 1289 3405 de
1315 3332 1529 3405 Mundumo
1546 3344 1584 3405 et

243 3449 444 3521 donationis
461 3446 620 3519 eiusdem
638 3470 703 3541 per
718 3448 941 3541 predittum·

691 3672 903 3765 lugeremus
921 3669 1109 3766 Lyndesay
1127 3714 1135 3729 ·

245 3786 351 3859 Nono
368 3786 542 3859 kalendas
569 3784 795 3879 Septembris
821 3785 942 3855 obitus
959 3783 1054 3854 bone
1079 3786 1253 3855 memorie
1280 3783 1462 3878 Ingerami
1488 3784 1585 3878 Lyn-

243 3897 345 3993 desay
362 3896 516 3993 episcopi
530 3892 800 3970 Aberdonensrs
818 3896 862 3966 de
880 3918 951 3987 quo
969 3896 1265 3967 commemoratio
1283 3897 1472 3968 annuatim
1485 3920 1535 3968 xx
1553 3900 1582 3969 ἔ.

244 4011 402 4083 leuandis
428 4012 473 4082 de
499 4012 606 4083 terris
633 4011 677 4081 de
699 4003 879 4080 Westball
906 4008 1074 4101 parochie
1101 4008 1146 4079 de
1170 4005 1300 4101 Ovyne
1325 4030 1390 4100 pro
1416 4011 1584 4079 anniuer-

242 4122 328 4195 sario
344 4120 407 4194 suo
434 4123 649 4196 celebrando
666 4128 774 4215 prout
791 4124 829 4192 in
848 4118 963 4191 literis
979 4117 1051 4191 suis
1068 4116 1220 4213 desuper
1243 4119 1415 4191 confecia
1439 4120 1583 4214 plenius

243 4238 447 4309 continetur
464 4276 472 4293 ·

716 4458 902 4529 lohannes
920 4456 1081 4529 Carroun
1098 4494 1106 4511 ·

243 4576 379 4659 Quinto
397 4574 477 4644 idus
496 4570 721 4665 Septembris
738 4572 858 4642 obitus
876 4566 1036 4664 magistri
1053 4568 1078 4640 J
1080 4569 1232 4640 ohannis
1243 4568 1405 4641 Carreun
1418 4578 1582 4648 canonici
