4050 5534
436 654 506 720 ese
951 636 1258 712 nnomnnnn
1620 642 1771 738 [secun

432 845 594 939 portibus
610 845 656 916 ub
672 843 788 916 altero
813 881 821 898 ·
841 837 891 912 Et
915 862 980 935 pro
997 861 1081 911 oreo
1098 837 1294 934 prescripto
1311 836 1365 910 est
1381 861 1453 910 vnn
1469 839 1596 912 domno
1613 843 1659 914 de
1675 865 1770 914 nono

434 956 602 1030 edificate
616 956 656 1027 in
673 955 801 1027 eodem
817 953 896 1026 loeo
910 975 981 1045 que
999 952 1044 1025 de
1061 975 1157 1024 nouo
1173 947 1352 1024 uffedutnr
1365 951 1525 1024 Roberto
1539 953 1769 1048 Helyburton

433 1091 499 1164 pro
516 1068 576 1162 xvj
594 1071 625 1141 ἓ.
642 1070 681 1139 in
698 1089 819 1140 unno-

533 1178 635 1252 Notu
649 1179 746 1272 quod
763 1200 889 1250 omnen
913 1176 1101 1272 prescripti
1118 1179 1228 1250 nunni
1245 1178 1408 1251 redditus
1432 1188 1609 1252 terrorum
1625 1178 1711 1252 snut
1727 1181 1770 1252 de

534 1292 646 1365 fundo
679 1301 857 1363 terrumm
890 1287 1166 1384 prescriptorum
1199 1297 1307 1384 prout
1331 1288 1441 1364 letius
1470 1301 1573 1385 putet
1601 1294 1640 1364 in
1666 1295 1769 1366 emtis

533 1401 683 1497 desuper
699 1401 873 1475 confetiio
890 1440 898 1457 ·

521 1739 677 1812 Rentnle
694 1739 816 1812 ultoris
833 1736 943 1810 santii
962 1737 1121 1812 Duthuei
1139 1739 1176 1810 in
1194 1736 1345 1812 eoolefin
1360 1739 1572 1836 parrochiali
1589 1739 1687 1814 beuti

874 1849 1043 1923 Nieholui
1060 1851 1106 1922 de
1122 1849 1310 1925 Abiudene
1328 1890 1337 1908 ·

487 1965 532 2037 ln
562 1965 686 2060 primis
712 1964 758 2035 de
784 1963 890 2035 terris
917 1964 1099 2056 quondum
1125 1961 1302 2036 Johunnis
1330 1963 1542 2038 Torrelooht
1571 1966 1771 2042 iueentibuu

434 2079 528 2152 infre
557 2077 693 2149 dietum
723 2075 877 2171 burgum
906 2075 950 2145 de
978 2073 1166 2148 Abirdeue
1189 2077 1226 2146 iu
1249 2077 1329 2149 vieo
1359 2075 1530 2172 superiori
1553 2073 1701 2150 eooleiie
1725 2101 1772 2152 ex

435 2190 581 2266 nustrnli
606 2199 710 2284 perte
744 2184 902 2286 eiusdem
930 2188 1001 2259 vici
1035 2189 1131 2260 inter
1164 2196 1295 2260 terrum
1331 2188 1490 2261 Douuldi
1524 2188 1694 2262 Strnehin
1727 2215 1772 2264 ex

436 2307 575 2377 oriente
597 2310 637 2374 et
652 2309 852 2372 torrentem
877 2321 924 2371 ex
949 2299 1138 2372 occidente
1163 2323 1188 2374 x
1206 2300 1234 2371 ἔ.
1285 2299 1383 2373 Item
1401 2301 1446 2372 de
1472 2309 1567 2373 terro
1591 2303 1773 2394 quondum

435 2416 460 2489 J
462 2417 612 2489 ohannis
627 2411 726 2485 Trull
739 2435 785 2484 ex
797 2407 942 2484 nustrnii
954 2421 1058 2506 purte
1075 2409 1233 2482 eiusdem
1246 2413 1315 2484 viei
1333 2414 1430 2484 iuter
1447 2421 1579 2484 terrem
1592 2413 1773 2506 quondum

435 2528 574 2601 'I'home
591 2525 679 2597 Prot
695 2546 743 2595 ex
759 2525 900 2596 oriente
924 2533 963 2595 et
988 2545 1198 2595 communes
1219 2527 1294 2596 viee
1321 2527 1437 2618 regies
1462 2523 1582 2597 versus
1606 2527 1774 2599 oooideno

436 2651 475 2715 et
503 2640 640 2712 borium
664 2646 703 2708 et
727 2645 862 2709 terrem
892 2637 1074 2729 qnondam
1104 2635 1225 2708 Dauid
1242 2636 1339 2709 Club
1364 2634 1486 2708 versus
1510 2631 1669 2708 austrum
1693 2657 1718 2708 r
1743 2640 1771 2710 ἔ.

437 2753 534 2826 Item
550 2751 597 2822 de
613 2758 709 2822 terre
726 2747 907 2842 quondum
923 2746 949 2819 J
950 2748 1102 2821 ohannis
1128 2747 1271 2843 Sorogio
1297 2751 1440 2822 iouente
1457 2772 1504 2820 ex
1520 2749 1648 2822 boriali
1670 2761 1772 2844 purte

436 2860 594 2936 eiusdem
611 2861 682 2932 vici
699 2863 795 2932 inter
814 2867 948 2931 terrem
965 2861 1147 2952 quondum
1173 2859 1322 2934 Andree
1347 2861 1498 2956 Murruy
1515 2884 1562 2932 ex
1578 2864 1720 2936 oriente
1735 2874 1773 2936 et

437 2985 569 3048 terrum
587 2972 716 3045 Juoobi
729 2967 909 3044 Collisone
926 2993 973 3044 ex
990 2973 1178 3044 occidente
1195 2995 1219 3042 r
1235 2975 1264 3046 ἓ.
1315 2973 1413 3045 Item
1431 2973 1589 3046 deterre
1604 2976 1773 3048 interiore

436 3087 618 3182 quondam
635 3083 816 3155 WiIleImi
833 3080 1006 3177 'I'nlydeff
1016 3085 1054 3156 in
1072 3085 1152 3157 vieo
1177 3085 1359 3158 furnorum
1375 3107 1422 3158 ex
1440 3086 1656 3158 occidentali
1672 3100 1773 3181 perte

437 3198 598 3272 eiusdem
615 3197 685 3268 vioi
701 3197 798 3268 inter
821 3204 956 3268 terrum
982 3195 1160 3268 IohannIs
1186 3193 1344 3268 Collison
1362 3199 1566 3270 exoriente
1590 3209 1630 3270 et
1655 3197 1773 3272 lecum

438 3336 484 3383 ex
500 3309 689 3384 occidente
713 3317 752 3379 et
777 3317 911 3379 terrum
937 3309 1118 3401 qnondam
1137 3305 1317 3380 Willelmi
1341 3306 1528 3382 Abirdour
1551 3307 1672 3382 versuo
1697 3312 1773 3384 mrs-

438 3436 537 3496 trum
554 3429 593 3495 et
610 3430 744 3492 terrem
767 3419 851 3490 diei
876 3418 901 3491 J
902 3421 1054 3493 ohannis
1070 3417 1190 3493 versus
1215 3420 1354 3493 borium
1371 3423 1404 3516 vj
1423 3423 1452 3496 ἔ.
1503 3421 1600 3496 Item
1617 3425 1662 3496 de
1679 3435 1774 3499 term

439 3538 581 3608 inuento
596 3533 635 3604 iu
651 3530 687 3604 le
703 3553 814 3628 grene
830 3532 927 3603 inter
943 3540 1142 3606 torrentem
1159 3556 1206 3604 ex
1223 3535 1363 3606 oriente
1385 3543 1424 3606 et
1448 3541 1581 3608 terrum
1597 3535 1620 3608 J
1624 3538 1773 3610 ohannis

441 3643 577 3720 Litster
604 3668 651 3717 ex
681 3644 870 3716 occidente
897 3667 948 3715 xx
973 3643 1009 3716 d.
1061 3645 1158 3718 Item
1186 3669 1298 3728 vnum
1323 3656 1576 3719 tenementum
1605 3649 1773 3722 videlieet

440 3770 573 3833 terrem
598 3779 716 3829 meum
741 3756 814 3829 ium
839 3751 974 3828 vestem
999 3758 1179 3830 iuuentem
1197 3760 1234 3829 in
1252 3760 1331 3832 vieo
1356 3760 1505 3831 nauium
1529 3762 1626 3834 inter
1641 3771 1773 3836 terrum

441 3869 622 3942 Willelmi
638 3868 725 3939 Mor
739 3890 787 3940 ex
812 3874 914 3963 porte
939 3870 1154 3943 occidentali
1172 3877 1211 3944 et
1227 3880 1361 3944 terrum
1382 3870 1407 3943 J
1409 3872 1559 3946 ohannis
1587 3873 1702 3948 Gonis
1727 3900 1773 3948 ex

441 3986 581 4057 oriente
597 3989 636 4052 et
652 3991 785 4053 terrem
801 4003 920 4052 meum
936 3981 1009 4054 ium
1027 3979 1162 4056 vestam
1186 3985 1366 4056 iuuentem
1382 3984 1421 4055 in
1438 3985 1567 4058 eodem
1583 3987 1663 4059 vieo
1679 3988 1776 4060 inter

440 4108 573 4169 terrem
600 4091 777 4164 Iohannis
802 4091 917 4164 Gonio
941 4116 989 4164 ex
1012 4095 1230 4169 oeeidentuli
1256 4105 1294 4168 et
1320 4097 1415 4168 rium
1441 4099 1577 4194 regium
1605 4123 1652 4172 ex
1670 4111 1774 4195 perte

441 4206 606 4281 orientali
622 4246 631 4262 ·
650 4205 747 4277 Item
772 4205 823 4298 iiij
840 4207 871 4278 ἕ.
888 4212 927 4277 et
942 4206 995 4300 iiij
1013 4205 1049 4280 d.
1067 4209 1113 4280 de
1132 4217 1228 4282 terro
1244 4205 1381 4280 Thome
1409 4205 1544 4282 Litster
1567 4211 1710 4284 iuoente
1734 4216 1772 4286 in

442 4323 520 4394 vieo
537 4317 718 4413 superiore
735 4313 883 4391 eoelefie
908 4319 1005 4391 inter
1030 4329 1164 4394 terrum
1188 4319 1272 4392 Ade
1290 4315 1424 4392 Litster
1449 4343 1496 4394 ex
1519 4332 1623 4416 purte
1647 4323 1774 4397 boriali

441 4443 480 4505 et
496 4442 628 4505 terrum
645 4431 782 4504 Thome
799 4429 910 4504 Troili
935 4452 981 4505 ex
1006 4443 1110 4528 perte
1126 4427 1270 4506 uustreli
1288 4474 1296 4491 ·
1315 4431 1366 4504 Et
1388 4433 1501 4504 ulium
1517 4458 1678 4507 unuuum
1694 4438 1773 4509 red-

441 4546 558 4619 ditum
587 4545 621 4637 vj
650 4543 680 4615 i.
711 4550 749 4615 et
775 4543 838 4636 viij
867 4541 905 4616 d.
933 4545 979 4618 de
1010 4555 1107 4619 terro
1137 4546 1218 4618 diei
1250 4543 1387 4618 Thome
1416 4545 1526 4618 Treill
1563 4547 1705 4620 incente
1734 4551 1773 4622 in
