4050 5534
974 661 1197 738 TABULA.

429 873 667 968 LXXVIII.
690 873 742 940 ΒΘ
756 874 858 940 locsto
872 884 904 940 et
918 872 1085 940 conducto.
1127 873 1172 941 A.
1187 873 1241 941 fol.
1257 877 1310 959 37,
1441 924 1450 941 .
1582 925 1591 941 .
1657 879 1697 945 Ρ.
1712 881 1755 947 34

458 973 637 1040 LXXIX.
662 971 759 1057 Quod
772 983 908 1040 rectores
923 973 1111 1038 ordinentur
1124 983 1158 1039 et
1171 974 1310 1040 serviant
1324 974 1472 1042 ecclesiis.
1508 975 1549 1041 A.
1565 976 1589 1043 7.
1605 979 1658 1061 37,
1713 982 1756 1046 34

458 1072 619 1139 LXXX.
643 1070 740 1155 Quod
754 1072 826 1139 laici
841 1093 906 1138 non
920 1072 1181 1161 tenesntplscits
1194 1074 1228 1139 in
1242 1075 1384 1142 ecclesis.
1426 1075 1472 1142 A.
1487 1074 1510 1141 7.
1526 1079 1579 1162 37,
1712 1082 1755 1147 35

458 1171 637 1238 LXXXI.
661 1171 758 1256 Quod
771 1172 887 1239 focsrie
902 1183 935 1238 et
956 1173 1133 1240 concubine
1154 1173 1352 1240 sacerdotum
1373 1197 1438 1241 non
1460 1175 1670 1243 admittantur

415 1275 448 1340 in
463 1272 636 1340 ecclesium.
681 1271 832 1356 Α.7.37,
889 1322 897 1338 .
1030 1321 1039 1336 .
1170 1319 1179 1337 .
1311 1322 1319 1338 .
1451 1321 1460 1340 .
1591 1325 1600 1341 .
1710 1279 1753 1345 35

458 1373 654 1440 LXXXII.
678 1372 775 1457 Quod
800 1373 1002 1438 mstrimonie
1023 1371 1091 1438 sine
1115 1372 1229 1438 bannis
1250 1396 1315 1439 non
1337 1373 1576 1442 contrahuntur.
1619 1376 1664 1442 A.

412 1475 435 1540 f.
452 1479 492 1542 37
494 1519 1598 1558 .........
1709 1479 1751 1544 35

458 1573 674 1640 LXXXIII.
697 1573 749 1640 ΒΘ
763 1573 888 1662 potibus
903 1571 1014 1638 dandis
1029 1571 1156 1660 egrotis.
1200 1570 1243 1639 A.
1258 1571 1281 1636 7.
1297 1575 1350 1655 37,
1450 1622 1458 1638 .
1590 1625 1599 1638 .
1692 1578 1753 1642 ’35

456 1673 672 1741 LXXXIV.
695 1673 747 1740 De
762 1672 930 1762 capellanis
944 1671 1168 1739 conducendis.
1211 1669 1255 1737 A.
1270 1671 1293 1738 7.
1308 1675 1362 1754 37,
1451 1723 1459 1738 .
1591 1721 1600 1739 .
1709 1678 1752 1743 36

456 1773 575 1840 Forma
589 1771 929 1840 excommunicationis.
973 1770 1017 1837 A.
1032 1771 1055 1838 7.
1071 1775 1124 1855 37,
1167 1820 1175 1836 .
1308 1821 1316 1834 .
1449 1821 1457 1836 .
1591 1822 1598 1837 .
1708 1778 1752 1842 36

458 1969 623 2036 Surum
637 1968 812 2036 Eoounsne
826 1967 1110 2034 Ansnoonsnsm.
1154 1973 1338 2038 1.».1856.
1449 2021 1456 2036 .
1588 2021 1597 2038 .
1707 1977 1749 2042 38

543 2069 644 2158 Copia
658 2067 744 2134 bullo
758 2068 868 2156 vigore
882 2068 973 2156 cujus
987 2065 1116 2133 condita
1135 2080 1212 2134 sunt
1233 2081 1352 2136 statute
1371 2072 1551 2160 sequencis.
1591 2090 1663 2138 Am.

586 2171 680 2236 1249.
724 2166 874 2250 A.f.15‚
1707 2175 1749 2241 33

540 2269 592 2336 ΒΘ
615 2291 749 2335 numero
770 2265 1002 2358 prebendarum
1027 2267 1168 2355 primevo
1189 2267 1319 2336 ecclesis
1343 2270 1534 2338 cathedralis
1556 2271 1663 2338 Aber-

561 2369 740 2460 donensis.
784 2366 827 2433 A.
843 2367 866 2432 f.
885 2367 935 2450 15,

541 2469 630 2537 Ordo
645 2468 845 2534 mensionum
860 2465 988 2532 claustri
1003 2464 1240 2532 Aberdonensis
1253 2468 1393 2535 ecclesie.
1437 2468 1518 2536 Af.
1536 2473 1587 2554 16,
1707 2475 1751 2538 40

539 2569 591 2635 ΒΘ
606 2567 806 2634 immunitate
821 2564 1056 2632 canonicorum.
1100 2564 1144 2631 A.
1159 2565 1182 2632 f.
1200 2570 1251 2650 16,
1307 2617 1316 2634 .
1447 2621 1455 2636 .
1587 2620 1596 2636 .
1706 2573 1746 2637 41

538 2667 589 2735 ΒΘ
604 2667 806 2757 dispositione
820 2663 1053 2756 prebendarum
1068 2674 1100 2730 et
1114 2663 1154 2730 de
1168 2665 1321 2734 electione
1334 2667 1456 2734 decani.
1500 2667 1544 2734 A.
1559 2668 1581 2734 7.
1600 2672 1652 2752 16,
1706 2674 1746 2736 41

537 2769 590 2834 ΒΘ
605 2768 763 2834 canonicis
778 2765 969 2832 intrantibus
984 2763 1172 2853 recipiendis
1185 2789 1244 2855 per
1257 2766 1422 2835 decenum.
1468 2768 1511 2835 A.
1526 2769 1549 2834 7.
1567 2772 1618 2852 16,
1706 2774 1748 2835 41

537 2869 590 2936 ΒΘ
604 2869 698 2936 modo
712 2867 884 2957 recipiendi
899 2889 993 2956 quem
1009 2865 1044 2930 in
1058 2867 1257 2933 canonicum.
1299 2867 1382 2935 Af.
1400 2871 1451 2952 16,
1588 2919 1595 2933 .
1705 2872 1746 2935 42

538 2969 590 3036 ΒΘ
605 2969 819 3058 jurisdictione
834 2967 945 3034 decani
968 2989 1042 3032 cum
1064 2965 1202 3054 capitulo
1223 2965 1306 3033 iniis
1320 2978 1412 3057 cepte
1433 2966 1572 3034 clsnstri.
1615 2967 1659 3034 A.

580 3069 602 3136 f.
622 3073 672 3153 17,
739 3115 1592 3134 .......
1702 3072 1745 3136 43

538 3170 590 3236 De
604 3168 763 3236 solucione
771 3167 895 3256 jurium
910 3165 1112 3232 funeralium.
1155 3165 1236 3233 Af.
1254 3170 1304 3249 17,
1445 3215 1453 3231 .
1586 3216 1594 3232 .
1704 3171 1746 3235 43

537 3270 589 3336 ΒΘ
604 3269 705 3335 officio
720 3267 857 3356 episcopi
872 3277 904 3332 et
919 3264 1031 3331 decani
1045 3267 1080 3330 in
1093 3265 1162 3354 ejus
1176 3265 1331 3332 absencia.
1375 3264 1456 3333 Af.
1474 3269 1525 3350 17,
1585 3317 1593 3332 .
1703 3271 1746 3335 43

536 3368 589 3434 De
603 3369 705 3434 officio
720 3366 866 3433 centoris.
910 3364 1061 3449 Α.7.17,
1161 3411 1169 3429 .
1302 3414 1310 3429 .
1443 3416 1450 3431 .
1584 3411 1592 3430 .
1702 3370 1746 3432 44

536 3469 588 3535 ΒΘ
602 3467 703 3534 officio
718 3465 906 3532 cancellarii.
951 3465 994 3530 A.
1009 3464 1032 3531 7.
1049 3468 1101 3546 17,
1162 3512 1169 3530 .
1302 3513 1310 3528 .
1442 3515 1450 3530 .
1583 3515 1591 3532 .
1701 3470 1745 3531 44

535 3569 586 3634 ΒΘ
601 3567 702 3634 officio
717 3565 914 3632 thesaurarii.
958 3563 1041 3630 A.f.
1059 3567 1111 3645 18,
1160 3611 1168 3628 .
1301 3613 1308 3627 .
1441 3614 1450 3629 .
1582 3615 1591 3631 .
1701 3568 1744 3633 45

535 3669 588 3734 ΒΘ
603 3666 825 3734 canonicorum
840 3663 1008 3731 residentis
1022 3674 1056 3730 et
1070 3662 1204 3730 aliarum
1218 3660 1410 3752 dignitatum
1431 3664 1570 3732 ecclesie.
1614 3664 1656 3731 A.

578 3768 669 3852 f.18,
736 3815 745 3832 .
877 3814 886 3830 .
1018 3813 1026 3829 .
1160 3811 1168 3827 ·
1300 3811 1309 3829 .
1441 3813 1449 3828 .
1581 3813 1590 3828 .
1699 3767 1742 3832 45

443 3893 445 3900 ·
536 3869 588 3934 ΒΘ
603 3867 704 3934 officio
720 3865 930 3932 archidiaconi
945 3875 977 3930 et
991 3864 1060 3951 ejus
1074 3861 1251 3929 residentis
1296 3861 1377 3929 A.f.
1395 3865 1447 3945 18,
1582 3913 1590 3928 .
1700 3868 1743 3930 46

534 3970 587 4034 ΒΘ
601 3967 703 4035 officio
717 3964 906 4032 nessiorum
921 3963 1018 4030 chori.
1063 3961 1144 4029 A.f.
1162 3965 1214 4044 18,
1302 4011 1310 4027 .
1442 4011 1450 4024 .
1582 4012 1590 4026 .
1700 3965 1743 4030 46

534 4069 586 4134 ΒΘ
600 4067 830 4158 presentatione
842 4065 1031 4130 vicariorum
1045 4062 1165 4129 deceno
1179 4074 1212 4128 et
1226 4061 1363 4150 capitulo
1377 4071 1529 4126 eteorum
1544 4059 1658 4126 admis-

578 4169 674 4235 sione.
718 4165 868 4248 Α.7.19,

439 4345 441 4352 ‚
533 4269 585 4336 De
599 4269 711 4334 hsbitu
725 4267 924 4332 vicariorum.
968 4263 1049 4330 As.
1068 4267 1119 4347 19,
1157 4313 1165 4328 .
1298 4307 1307 4324 ·
1438 4310 1446 4324 .
1644 4301 1647 4304 -

533 4370 585 4434 De
601 4368 720 4435 clericis
734 4389 791 4456 per
805 4365 959 4431 decanum
975 4362 1182 4430 inveniendis.
1225 4359 1269 4424 A.
1284 4358 1306 4424 7.
1324 4361 1376 4442 19,
1438 4405 1447 4422 .
1580 4409 1588 4424 .
1697 4363 1740 4429 48

533 4469 585 4534 ΒΘ
600 4479 735 4556 quatuor
748 4467 853 4554 pueris
868 4463 1080 4532 sustentandis
1092 4463 1134 4529 'de
1147 4459 1336 4526 communie.
1381 4458 1425 4523 A.
1440 4457 1462 4522 7.
1480 4461 1531 4542 19,
1581 4509 1588 4524 .
1698 4463 1741 4527 49

533 4569 585 4634 ΒΘ
600 4566 822 4634 constitutione
836 4575 1087 4654 procuratorum.
1131 4559 1212 4627 Α.7.
1229 4562 1280 4642 19,
1437 4605 1445 4627 .
1578 4609 1586 4623 .
1642 4619 1645 4622 .
1679 4562 1739 4628 -49

1580 4263 1740 4329 ,48
