4050 5534
450 626 521 693 320
979 611 1285 687 REGISTRUM
1562 612 1788 713 [sernumx.

449 818 601 891 ueniam
624 826 789 911 tempore
820 809 1033 888 vificationis
1066 823 1104 886 ct
1132 814 1313 887 concionis
1347 810 1555 909 peripsum
1586 814 1623 885 in
1654 812 1787 887 eisdem

449 931 569 1004 fienda
596 952 664 1003 nec
693 926 808 1025 ipsum
833 922 1042 1023 magistrum
1068 925 1248 998 Joannem
1279 924 1429 997 ulterius
1458 922 1604 1022 astringi
1634 925 1788 998 volunt·

450 1066 523 1137 quo
550 1043 644 1115 sablo
669 1064 734 1137 per
756 1040 793 1114 se
827 1040 886 1112 vel
911 1062 977 1133 per
1000 1037 1108 1112 aliam
1132 1038 1298 1112 idoneam
1326 1034 1511 1135 personam
1536 1034 1790 1111 conscientiam

451 1152 610 1228 eiusdem
628 1162 828 1227 exonerant
844 1162 883 1225 et
908 1152 976 1223 hoc
993 1150 1102 1221 modo
1120 1174 1203 1223 cum
1220 1146 1449 1245 retroscripto
1474 1148 1662 1223 contradbu
1680 1172 1790 1243 penes

449 1267 543 1339 banc
560 1264 756 1341 clausulam
773 1261 935 1363 adsemel
948 1264 986 1335 ia
1002 1272 1279 1335 damosacum
1304 1262 1431 1335 eodem
1456 1256 1625 1357 magistro
1647 1260 1790 1333 Joanne

450 1388 578 1453 tenore
593 1376 769 1474 presentis
786 1379 855 1454 aei
873 1372 1087 1470 dispensant.

1013 1484 1074 1561 Ita
1099 1483 1152 1559 est
1170 1484 1345 1559 Nicolaus
1363 1484 1447 1580 Hay
1463 1482 1576 1560 scriba
1591 1485 1740 1581 capituli

1075 1600 1121 1673 de
1138 1600 1307 1672 mandato
1325 1596 1493 1671 eiusdem.

451 1929 565 2025 Copia
581 1922 810 2000 instrumenti
828 1924 1034 1998 donationis
1050 1933 1226 1997 terramm
1244 1923 1290 1997 de
1308 1924 1528 1999 Fettimeir·

451 2144 644 2243 Omnibus
662 2166 755 2238 bano
772 2172 908 2237 cartam
926 2160 1051 2235 visuris
1069 2161 1126 2235 vel
1145 2162 1321 2235 audituris
1334 2161 1545 2235 Willelmus
1561 2160 1789 2237 miseratione

451 2282 576 2353 diuina
592 2275 789 2374 Episcopus
814 2273 968 2348 salutem
986 2276 1024 2347 in
1052 2272 1210 2347 Domino
1232 2272 1486 2371 sempiternam
1507 2316 1516 2335 ·
1534 2314 1569 2333 ··
1601 2275 1789 2349 Noueritis

450 2432 459 2451 ·
477 2434 485 2452 ·
505 2432 514 2455 ·
532 2414 599 2464 nos
616 2432 625 2450 ·
643 2428 653 2447 ·
670 2430 678 2449 ·
697 2412 762 2485 pro
778 2387 964 2460 nonnullis
980 2388 1215 2483 pecuniarum
1232 2383 1379 2461 summis
1395 2425 1405 2445 ·
1423 2428 1431 2447 ·
1451 2428 1459 2447 ·
1478 2412 1542 2483 per
1558 2386 1788 2461 Willelmum

451 2501 569 2578 Lessie
586 2504 633 2575 de
650 2500 863 2595 Balqubane
874 2500 1088 2571 modernum
1107 2500 1390 2573 extendentibus
1406 2502 1443 2573 in
1461 2510 1540 2573 toto
1553 2500 1596 2574 ad
1614 2499 1789 2573 summam

451 2618 577 2689 decem
594 2612 696 2687 mille
714 2612 885 2685 librarum
903 2653 912 2670 ·
930 2652 939 2669 ·
959 2651 968 2671 ·
985 2609 1177 2706 persolutis
1198 2636 1239 2687 ac
1261 2614 1300 2684 in
1321 2609 1479 2685 nostram
1500 2622 1538 2685 et
1560 2614 1654 2686 dicte
1670 2610 1790 2685 nostre

451 2724 601 2803 ecclesie
612 2726 808 2798 stilitatem
819 2719 999 2799 conuersis
1012 2732 1051 2797 ct
1062 2726 1316 2799 conuerteudis
1333 2766 1342 2785 ·
1361 2748 1501 2799 necnon
1514 2734 1660 2821 propter
1675 2727 1789 2799 varias

451 2850 490 2915 et
518 2834 674 2913 diuersas
700 2836 942 2933 gratitudines
962 2847 1015 2909 ‘et
1040 2836 1265 2911 benemerita
1297 2860 1363 2933 per
1391 2839 1571 2932 quondam
1608 2838 1788 2911 Joaunem

452 2949 570 3027 Lessie
604 2950 651 3023 de
684 2948 898 3043 Balqubane
931 2958 970 3021 et
1004 2948 1138 3022 diuum
1165 2948 1393 3021 Willelmum
1424 2947 1541 3023 Lessio
1570 2952 1647 3023 eius
1673 2950 1788 3023 silium

451 3067 555 3139 nobis
573 3060 764 3157 nostreque
781 3058 930 3136 ecclesie
947 3060 1144 3134 cathedrali
1168 3062 1352 3135 antedidle
1377 3058 1571 3156 presidenti
1590 3072 1628 3137 et
1645 3066 1789 3137 eanoni-

451 3181 503 3253 cis
536 3174 696 3250 eiusdem
722 3176 761 3245 in
794 3174 863 3247 boc
886 3171 1098 3246 turbulento
1125 3173 1322 3269 reipublice
1349 3171 1587 3249 ecclesiastice
1625 3170 1718 3249 stetu
1750 3188 1788 3250 et

452 3302 616 3383 tempore
649 3284 809 3381 impensa
841 3296 880 3359 et
914 3286 1084 3381 precipue
1128 3288 1213 3381 quia
1251 3286 1366 3359 didus
1408 3280 1589 3380 quondam
1629 3289 1790 3363 Joannes

453 3415 491 3475 et
528 3398 740 3473 Willelmus
774 3393 924 3472 honesto
970 3400 1145 3471 comitatu
1189 3422 1231 3471 ao
1268 3397 1405 3471 semilia
1439 3408 1477 3471 et
1518 3398 1790 3497 consanguineis

453 3512 649 3588 eorundem
684 3506 805 3607 stipati
839 3512 1050 3585 continuam
1078 3507 1309 3585 residentiam
1343 3510 1509 3583 feceruut
1534 3512 1603 3587 boc
1626 3524 1789 3609 tempore

452 3624 629 3701 transadto
670 3624 766 3719 apud
796 3621 952 3696 nostram
987 3619 1175 3697 ecclesiam
1211 3622 1455 3697 cathedralem
1485 3623 1529 3697 ad
1564 3621 1791 3703 nostramet

453 3736 564 3813 nostri
589 3736 739 3832 capituli
764 3734 971 3809 instantiam
999 3745 1038 3809 et
1063 3734 1360 3831 supplicationem
1387 3745 1426 3809 et
1452 3734 1581 3833 seipsos
1606 3752 1791 3837 promptos

452 3861 596 3951 paratos
613 3859 652 3923 et
669 3845 831 3921 strenuos
848 3848 1092 3921 exbibuerunt
1110 3850 1146 3919 in
1165 3846 1371 3921 defensione
1391 3845 1511 3921 nostre
1534 3848 1683 3925 ecclesie
1699 3851 1791 3927 sedis

453 3976 492 4040 et
505 3964 625 4039 clerici
636 3962 725 4033 inibi
743 3957 931 4033 residentis
948 3957 1105 4033 instante
1121 3962 1231 4033 etiam
1245 3956 1420 4035 seuiffima
1432 3970 1470 4033 et
1481 3958 1687 4058 grauissima
1701 3964 1792 4039 sedi-

455 4081 554 4153 tione
570 4072 818 4171 persecutione
834 4070 954 4145 nostre
971 4070 1121 4145 ecclesie
1138 4082 1176 4145 et
1194 4070 1286 4146 sedis
1302 4095 1367 4167 per
1383 4072 1560 4147 catholice
1576 4074 1661 4148 fidei
1672 4074 1792 4152 hostes

453 4191 620 4284 vndeque
649 4182 844 4283 grassantes
879 4183 1027 4279 aliisque
1061 4186 1344 4281 gratitudinibus
1378 4184 1612 4259 benemeritis
1647 4190 1792 4285 auxilijs

453 4299 676 4395 seruitiisqne
692 4294 840 4371 dinersrs
856 4318 922 4392 per
935 4298 1094 4392 prefatos
1112 4299 1290 4392 quondam
1310 4297 1490 4371 loannem
1508 4297 1626 4373 Lessie
1643 4312 1682 4375 et
1696 4303 1794 4377 Wil-

454 4415 603 4487 lelmum
622 4408 739 4483 Lessie
764 4412 842 4483 eins
858 4409 974 4481 silium
1000 4410 1104 4483 nobis
1127 4420 1166 4483 et
1192 4410 1288 4485 diste
1308 4407 1428 4483 nostre
1453 4407 1602 4487 ecclesie
1623 4414 1791 4510 impensis

454 4537 494 4601 et
511 4534 552 4597 vt
574 4524 668 4597 inira
680 4522 847 4597 scribitur
862 4522 1189 4617 impendendendis
1209 4518 1375 4597 associasse
1391 4521 1591 4599 arreudasse
1608 4524 1735 4601 locasse
1752 4543 1791 4604 et
