4050 5534
434 666 503 733 144
952 658 1259 735 REGISI'RUM
1622 660 1775 755 [eccum
1842 648 1845 653 ¹

483 861 550 935 bus
576 864 673 937 beati
701 864 884 937 Edmundi
915 859 1169 956 archiepiscopi
1194 871 1234 933 et
1261 862 1457 953 exponitur
1481 882 1546 953 per
1570 857 1776 954 episcopum

484 974 684 1049 Henricum
711 980 756 1051 de
783 976 950 1071 Lychton
967 998 1033 1070 pro
1050 975 1283 1045 deauratione
1300 974 1346 1043 dc
1363 972 1400 1043 la
1414 972 1507 1065 pede
1523 968 1630 1043 castri
1648 974 1780 1047 eucha-

484 1083 583 1161 ristIe
600 1091 672 1162 dat'
689 1114 753 1185 per
770 1091 906 1162 dicium
924 1090 1111 1159 dominum
1128 1084 1333 1180 episcopum
1351 1122 1360 1140 ·

436 1197 532 1269 Item
552 1223 644 1273 vnue
671 1202 801 1275 anulus
827 1211 1021 1297 argenteus
1044 1222 1129 1271 cura
1155 1198 1274 1292 lapide
1299 1198 1346 1269 de
1370 1195 1565 1291 columpna
1593 1198 1701 1271 datus
1716 1224 1783 1295 per

487 1310 684 1385 Nicolaum
703 1310 882 1408 Lylsuris·

437 1422 535 1495 Item
554 1447 646 1497 vnus
663 1426 792 1499 anulus
809 1436 1003 1521 argenteus
1020 1446 1105 1497 cum
1122 1422 1242 1515 lapide
1259 1423 1435 1517 quadrato
1452 1422 1581 1495 coloris
1597 1425 1701 1496 rubei
1718 1467 1730 1482 ·

439 1530 535 1608 Item
567 1559 658 1611 vnue
688 1538 819 1611 anulus
852 1562 982 1611 aureus
1016 1561 1101 1611 cum
1130 1534 1250 1630 lapide
1278 1535 1324 1607 de
1351 1534 1546 1629 columpna
1575 1535 1683 1609 datus
1715 1562 1783 1633 per

489 1648 641 1722 Elenam
661 1653 707 1723 de
725 1651 892 1745 Lyclrton
911 1688 919 1709 ·

439 1759 535 1831 Item
553 1761 644 1857 lapis
658 1759 802 1835 cristalli
820 1765 858 1835 in
876 1772 1028 1858 argento
1045 1772 1237 1856 coopertus
1255 1803 1264 1819 ·

438 1870 535 1944 Item
554 1897 625 1946 vna
640 1877 734 1969 pixis
752 1875 911 1947 eburnea
928 1876 1013 1947 data
1029 1897 1095 1968 per
1110 1872 1318 1970 magistrum
1336 1873 1540 1947 Henricum
1557 1874 1689 1971 Rynde
1706 1918 1716 1934 ·

441 1984 536 2057 Item
555 2009 665 2058 vnum
685 1989 804 2082 jocale
822 1990 867 2061 de
884 2010 970 2061 auro
988 2010 1074 2059 curn
1095 1988 1264 2083 ymagine
1279 1989 1428 2080 pietatis
1445 1989 1571 2061 datum
1589 2012 1653 2083 per
1669 1990 1787 2062 domi-

491 2120 580 2169 num
597 2099 802 2173 Iohannem
822 2097 986 2172 Forstare
1004 2100 1179 2172 militem·

442 2210 538 2282 Item
574 2211 645 2285 due
679 2238 809 2285 corone
844 2214 889 2285 de
924 2222 1076 2307 argento
1109 2212 1282 2284 deaurate
1318 2236 1382 2307 pro
1416 2210 1558 2285 Christo
1592 2225 1632 2287 et
1665 2214 1791 2288 nostra

492 2323 739 2397 dominarum
758 2326 937 2420 lapidibus
955 2366 963 2385 ·

443 2434 539 2507 Item
558 2438 717 2531 quinque
734 2438 838 2511 barse
856 2462 963 2511 auree
980 2462 1064 2511 cum
1082 2439 1241 2531 reliquijs
1257 2436 1457 2510 fancorum
1476 2481 1485 2497 ·

444 2546 540 2619 Item
559 2552 717 2643 quinque
738 2552 858 2645 phiale
876 2560 1048 2647 argentee
1065 2591 1075 2609 ·
1092 2549 1190 2622 Item
1208 2560 1282 2623 tres
1297 2550 1458 2645 ampulle
1474 2562 1646 2647 argentee
1663 2592 1673 2611 ·

446 2658 541 2731 Item
561 2684 671 2733 vnum
692 2664 811 2756 jocalc
834 2662 1047 2737 eucharistie
1075 2664 1120 2735 de
1148 2676 1299 2758 argento
1324 2663 1538 2735 deauratum
1566 2666 1792 2739 admodum

496 2770 600 2845 castri
614 2798 697 2847 cum
712 2776 885 2848 laberello
900 2816 907 2833 ·
923 2777 1049 2849 datum
1067 2800 1132 2870 per
1150 2776 1335 2846 dominum
1348 2774 1550 2849 Henricum
1564 2777 1610 2849 de
1621 2778 1795 2874 Lychton

496 2883 701 2981 episcopum
731 2888 1019 2960 Abirrlonensem
1054 2890 1090 2958 in
1121 2890 1224 2961 cuiue
1253 2885 1462 2960 lirmmitate
1495 2892 1643 2982 ponitur
1669 2895 1794 2987 jocale

496 3022 644 3071 aureum
662 3025 745 3073 cum
768 3004 935 3096 ymagine
958 3002 1106 3095 pietatis
1132 3002 1258 3073 datum
1283 3022 1349 3093 per
1372 3000 1558 3074 dominum
1582 3000 1795 3080 Iohannem

498 3108 642 3184 Forstcr
659 3114 704 3185 dc
722 3110 952 3208 Corstorfyne
970 3124 1009 3183 vt
1026 3110 1132 3207 supra
1147 3110 1340 3184 scribitur·

448 3221 543 3293 Item
563 3247 634 3295 vna
650 3223 766 3317 peluis
784 3248 865 3298 curn
893 3226 1023 3297 lotario
1040 3226 1087 3297 de
1103 3238 1255 3321 argento
1280 3247 1328 3295 ex
1354 3225 1449 3296 dono
1475 3227 1613 3299 domIni
1631 3228 1797 3305 Gilberti

500 3332 681 3429 episcopi·

451 3446 547 3519 Item
567 3450 637 3521 due
654 3450 779 3543 peluce
805 3460 975 3545 argentee
993 3473 1058 3543 pro
1081 3449 1225 3521 lauacro
1243 3451 1279 3521 in
1298 3450 1604 3545 circumferenciis
1619 3454 1800 3529 deaurate

500 3562 585 3634 date
612 3585 677 3655 per
706 3562 891 3635 domicum
922 3561 1125 3634 Henricum
1156 3558 1362 3655 episcopum
1392 3562 1681 3637 Abirdonensern
1710 3592 1799 3641 cum

499 3672 828 3769 circumscriptione
850 3674 1034 3769 utriusque
1056 3674 1173 3768 peluis
1198 3667 1246 3744 fic
1272 3674 1468 3768 incipiente
1494 3676 1702 3751 Hannrcus
1728 3702 1799 3752 nm

499 3806 640 3857 cnam
666 3807 867 3859 nerecorue
892 3787 1186 3859 Annrnoanasre
1203 3804 1313 3856 rncrr
1337 3806 1408 3858 aas
1432 3807 1538 3859 rrum
1556 3810 1607 3859 an
1625 3810 1802 3866 uranum

501 3918 647 3969 urrann
675 3919 854 3971 nccnnem
887 3918 1151 3972 carneunams
1184 3918 1355 3969 crusnam
1388 3920 1494 3973 auno
1523 3901 1676 3973 Dorum
1710 3925 1804 3978 1111,-

501 4030 639 4083 nnsruo
662 4032 1060 4089 cuanaracenrnmuo
1085 4031 1291 4083 rnrccsrno
1316 4031 1458 4084 rnnrro
1484 4034 1532 4084 nr
1557 4035 1803 4097 curcumuun

501 4143 572 4195 nos
597 4143 645 4193 aa
673 4143 753 4195 raro
790 4123 927 4196 larnai
962 4142 1224 4195 Anranaunarr
1259 4144 1317 4194 err
1350 4146 1374 4195 a
1409 4144 1483 4195 nno
1510 4146 1556 4196 nr
1590 4149 1614 4198 a
1649 4148 1804 4202 acerna

503 4256 653 4307 Douma
672 4256 914 4308 annumeras
932 4258 979 4307 nr
998 4255 1279 4307 rnrnnrnruuu
1296 4256 1605 4311 connaurnnrus
1621 4238 1747 4314 Arma
1768 4284 1777 4300 ·

454 4344 551 4417 Item
569 4369 680 4417 vnum
698 4346 916 4418 turribulum
935 4360 1147 4442 argenteum
1166 4372 1248 4419 cum
1267 4349 1408 4421 duobus
1425 4351 1471 4421 de
1488 4352 1669 4424 auricalco
1687 4394 1697 4410 ·

453 4456 550 4531 Item
569 4480 680 4529 vnum
706 4482 877 4553 magnum
895 4458 1115 4541 turribulum
1139 4472 1352 4555 argenteum
1372 4463 1498 4534 datum
1519 4488 1583 4558 per
1607 4464 1806 4541 dominum

504 4568 703 4653 Henricum
723 4570 768 4643 dc
787 4570 953 4665 Lychton
971 4570 1176 4667 episcopum
1194 4573 1508 4649 Abirdonensem·
