4050 5534
416 621 461 690 78
937 609 1243 686 REGISTRUM
1614 614 1766 708 [secum

419 925 477 995 De
492 921 647 995 statione
665 897 830 995 facienda
846 946 911 1017 per
924 917 1080 1018 singulas
1096 924 1202 996 horas
1218 925 1256 994 in
1275 923 1384 994 choro
1398 917 1547 996 ecclesie
1563 925 1766 996 antedit're·

418 1147 549 1220 Clerici
568 1148 614 1219 de
631 1145 810 1241 superiore
835 1148 949 1242 gradu
968 1157 1045 1220 tam
1063 1149 1216 1221 maiores
1234 1169 1341 1240 quam
1369 1151 1525 1219 minores
1543 1147 1588 1218 ad
1607 1145 1767 1240 vesperas

418 1261 464 1331 de
481 1261 540 1331 die
557 1283 623 1353 per
637 1269 759 1331 totum
776 1283 913 1330 annum
930 1257 1024 1331 stare
1042 1269 1216 1331 tenentur
1231 1262 1405 1332 continue
1423 1256 1489 1330 nisi
1507 1261 1594 1330 dum
1611 1257 1768 1352 respons·

417 1373 534 1442 orium
561 1373 695 1444 dicitur
711 1373 855 1465 quando
879 1369 1139 1466 responsorium
1157 1371 1313 1444 habetur
1330 1381 1368 1443 et
1386 1368 1551 1442 similiter
1575 1371 1696 1444 cleriei
1721 1371 1767 1442 de

418 1481 574 1556 secunda
590 1484 705 1556 forma
722 1524 730 1541 ·
749 1485 851 1577 pueri
869 1507 954 1554 vero
972 1480 1048 1556 sino
1073 1487 1171 1556 omni
1196 1485 1412 1577 exceptione
1430 1483 1475 1554 ad
1493 1480 1657 1576 vesperas
1674 1479 1766 1554 stare

418 1606 593 1668 tenentur
617 1599 789 1667 continue
815 1604 1046 1688 preterquam
1064 1598 1103 1668 in
1121 1596 1323 1668 ebdomada
1347 1593 1476 1688 pasche
1499 1603 1588 1667 tnnc
1605 1596 1703 1666 onim
1720 1597 1765 1666 ad

419 1707 584 1802 vesperas
600 1706 723 1779 sedere
741 1708 878 1778 debent
895 1731 967 1780 rna
983 1731 1067 1780 eum
1086 1718 1165 1781 toto
1183 1707 1293 1780 choro
1312 1708 1399 1779 dnm
1418 1705 1539 1779 versus
1555 1705 1711 1801 gradalis
1728 1717 1766 1778 et

419 1816 540 1890 versus
558 1838 774 1891 sanaturus
788 1828 983 1891 cantantur
1000 1861 1009 1878 ·
1028 1819 1089 1891 Ad
1103 1819 1380 1913 completorium
1400 1843 1485 1890 vero
1502 1841 1628 1890 omnes
1645 1817 1765 1891 clerici

419 1929 666 2001 indifferenter
690 1953 755 2023 per
779 1939 896 2001 totam
922 1930 1023 2002 illam
1049 1931 1173 2002 horam
1200 1931 1373 2001 continue
1391 1926 1484 2002 stare
1505 1940 1680 2000 tenentur
1702 1953 1766 2023 per

418 2053 538 2114 totum
564 2065 701 2113 annum
719 2037 786 2112 nifi
804 2042 890 2112 dum
909 2041 1046 2112 fuerint
1063 2064 1188 2135 preces
1205 2064 1288 2114 oum
1307 2037 1544 2134 prostratione
1562 2079 1570 2096 ·
1588 2042 1632 2112 ad
1651 2051 1767 2112 matu-

417 2157 513 2227 tinas
527 2177 612 2225 vero
628 2151 722 2225 stare
739 2162 914 2224 tenentur
930 2175 1057 2224 omnes
1074 2152 1196 2225 cleriei
1215 2175 1279 2246 per
1297 2161 1416 2224 totum
1434 2163 1579 2245 tempus
1596 2148 1662 2222 nisr
1679 2152 1764 2222 dum

418 2265 590 2336 lessiones
616 2263 788 2359 leguntur
821 2273 859 2335 et
893 2261 1113 2357 responsoria
1139 2288 1220 2336 cum
1252 2262 1324 2336 suis
1353 2260 1512 2335 versibus
1538 2273 1731 2336 cantantur
1756 2309 1763 2322 ·

418 2375 556 2449 Omnes
582 2375 852 2448 benedictiones
877 2398 942 2469 per
967 2385 1088 2447 totum
1109 2399 1245 2448 annum
1263 2377 1435 2448 dicuntur
1459 2377 1504 2447 ad
1530 2378 1766 2448 matutinasa

416 2485 601 2559 sacerdote
626 2488 773 2559 interim
798 2485 949 2558 sedente
974 2483 1040 2558 nifi
1067 2497 1212 2559 tantum
1240 2489 1354 2581 prima
1374 2495 1503 2579 quarta
1523 2495 1561 2558 et
1586 2484 1763 2580 septima·

418 2609 541 2670 tamen
566 2602 605 2670 in
632 2599 691 2669 die
717 2600 921 2670 natiuitatis
938 2599 1075 2671 domini
1092 2599 1221 2671 vltime
1246 2609 1321 2671 tres
1346 2595 1616 2670 benedictiones
1641 2595 1764 2671 stando

416 2711 589 2782 dicuntur
604 2748 614 2766 ·
631 2734 678 2782 ex
701 2708 965 2805 dispensatione
990 2721 1115 2783 tamen
1141 2733 1266 2782 omnes
1291 2709 1411 2783 clerici
1438 2719 1515 2782 tam
1533 2711 1578 2780 de
1595 2707 1764 2804 superiori

415 2823 530 2916 gradu
543 2846 652 2916 quam
665 2824 777 2896 etiam
791 2820 1006 2895 desecanda
1018 2819 1269 2894 sormasodere
1281 2818 1422 2916 possunt
1436 2823 1481 2893 ad
1495 2818 1648 2915 psalmos
1661 2819 1764 2917 super

416 2934 588 3006 lectiones
601 2936 890 3027 quandocunque
903 2933 949 3006 ad
961 2937 1161 3006 matutinas
1177 2935 1373 3006 noscamus
1391 2935 1544 3004 dicitnr·
1559 2932 1622 3005 Ad
1640 2934 1763 3008 laudes

417 3041 508 3118 siout
533 3049 579 3119 ad
604 3046 907 3140 completorium·
926 3045 987 3117 Ad
1006 3048 1159 3139 primam
1185 3055 1224 3117 et
1249 3045 1337 3117 alias
1362 3046 1468 3117 horas
1492 3068 1617 3116 omnes
1643 3046 1762 3118 clerici

417 3159 643 3229 vnisormiter
660 3154 754 3230 stare
768 3167 942 3229 tenentur
955 3154 1047 3229 sicut
1059 3159 1106 3228 ad
1118 3156 1395 3250 completorium
1414 3197 1423 3213 ·
1443 3159 1480 3226 in
1493 3157 1677 3228 ferialibus
1690 3159 1763 3228 die-

416 3269 484 3340 b'us
511 3269 655 3361 quando
680 3269 726 3341 ad
751 3270 815 3341 has
841 3269 984 3341 feriales
1011 3291 1135 3361 preces
1162 3269 1333 3340 dicuntur
1360 3281 1448 3340 tuno
1475 3264 1701 3361 prosternant
1726 3269 1762 3340 se

415 3380 537 3453 elerici
554 3381 600 3452 ad
617 3403 743 3452 omnes
768 3381 874 3452 horas
892 3389 931 3451 et
954 3381 999 3452 ad
1026 3380 1303 3473 completorium
1328 3381 1417 3454 dum
1443 3403 1567 3473 preces
1592 3382 1762 3453 dicuntur

415 3517 462 3564 ex
478 3515 551 3586 quo
568 3495 761 3587 incipiatur
778 3493 935 3586 primurn
954 3511 1079 3564 nram
1097 3493 1135 3562 in
1152 3487 1253 3564 missa
1270 3490 1380 3584 nsque
1398 3492 1531 3563 dicitur
1556 3513 1630 3564 ran
1648 3514 1762 3566 nonr-

414 3626 500 3677 rruu
525 3625 706 3678 nosraun
732 3600 811 3698 post
838 3607 1040 3677 orationem
1058 3644 1067 3661 ·
1086 3614 1211 3676 tamen
1235 3601 1331 3674 solus
1357 3601 1519 3676 sacerdos
1545 3599 1582 3674 se
1608 3606 1722 3698 erigat
1739 3631 1761 3676 a

412 3713 649 3809 prostratione
662 3739 745 3789 curn
759 3717 893 3788 dicitur
910 3736 1071 3789 axuaoa
1089 3736 1241 3788 noman
1260 3734 1408 3788 smuva
1421 3734 1514 3786 uos·
1530 3713 1592 3786 Ad
1605 3715 1761 3808 comple-

412 3831 545 3900 torium
559 3851 644 3900 vero
662 3851 735 3898 non
749 3829 864 3921 erigat
880 3825 917 3899 se
936 3828 1065 3900 chorus
1079 3837 1275 3920 antequam
1288 3827 1436 3899 finiatur
1452 3829 1568 3898 oratio
1580 3823 1660 3920 post
1670 3825 1760 3922 psal·

411 3961 512 4010 mum
530 3961 581 4010 sn
594 3961 643 4011 ra
656 3959 801 4011 nouam
820 3978 829 3996 ·
847 3939 893 4010 ad
905 3939 1106 4011 matutinas
1119 3961 1204 4010 vero
1218 3939 1305 4010 dum
1323 3939 1456 4009 dicitnr
1473 3958 1596 4010 ranna
1614 3959 1758 4010 rossan

411 4060 497 4122 ante
511 4051 683 4123 lettiones
699 4046 890 4144 prostratio
906 4050 972 4122 siat
989 4075 1011 4123 a
1029 4059 1108 4122 toto
1122 4051 1232 4124 choro
1249 4047 1358 4142 usque
1376 4050 1510 4122 dicitur
1527 4069 1575 4121 ar
1593 4070 1645 4121 nn
1663 4071 1732 4122 uos
1750 4090 1757 4106 ·

409 4185 595 4254 nunquam
608 4162 706 4234 enim
724 4162 857 4233 dicitur
870 4182 994 4233 erran
1011 4182 1159 4233 nosraa
1171 4161 1231 4234 vel
1248 4160 1369 4253 aliqua
1385 4161 1457 4232 alia
1470 4163 1585 4232 oratio
1602 4158 1758 4233 sedendo

409 4273 455 4344 ad
473 4271 636 4367 vesperas
653 4295 723 4345 neo
739 4271 785 4344 ad
802 4274 1002 4345 matutinas
1019 4297 1088 4346 neo
1104 4275 1151 4346 ad
1167 4270 1305 4345 missam
1322 4269 1384 4344 sed
1400 4271 1541 4366 semper
1557 4268 1683 4344 stando
1700 4274 1758 4345 vel

410 4381 665 4478 prosternendo
684 4394 760 4457 tam
773 4409 796 4456 a
808 4382 992 4457 sacerdote
1004 4407 1114 4478 quam
1127 4409 1149 4458 a
1161 4394 1242 4457 toto
1258 4384 1367 4457 choro
1385 4407 1449 4477 per
1462 4393 1582 4458 totum
1600 4407 1755 4456 annum·

409 4494 454 4565 In
485 4494 652 4566 laudibus
682 4493 908 4590 prosternant
934 4494 970 4568 se
995 4495 1116 4569 clerici
1149 4497 1235 4567 dum
1266 4517 1390 4590 preces
1418 4495 1561 4567 feriales
1587 4495 1767 4567 dicuntur-
