4050 5534
437 641 483 712 72
957 625 1265 702 REGISTRUM
1633 631 1786 728 [ancum
1901 711 1907 722 ,

438 841 708 928 procuratorem
722 842 762 902 vt
779 829 1006 925 premittitur
1022 824 1226 920 presentem
1240 836 1278 898 et
1296 837 1549 922 acceptantem
1567 853 1639 902 non
1657 831 1787 902 admit·

440 956 540 1018 tetur
566 955 607 1016 ut
636 945 830 1016 canonicus
859 943 897 1013 in
928 939 1037 1011 choro
1067 949 1132 1010 aut
1160 939 1318 1032 capitulo
1345 965 1413 1014 nec
1442 942 1487 1014 ad
1516 939 1785 1014 distributiones

441 1059 667 1151 quotidianas
686 1055 748 1127 seu
764 1055 1008 1127 communiam
1027 1048 1092 1122 nisi
1111 1052 1209 1145 prius
1227 1053 1337 1124 suerit
1362 1076 1427 1146 per
1444 1054 1645 1147 capitulum
1662 1078 1786 1126 recon-

441 1172 585 1244 ciliatus
604 1207 614 1230 ο
631 1167 682 1240 Et
700 1165 726 1240 si
744 1168 838 1239 inira
860 1175 933 1237 tres
951 1161 1092 1234 menses
1109 1163 1242 1234 exinde
1259 1162 1450 1256 sequentes
1468 1189 1541 1236 non
1559 1163 1786 1238 constituerit

441 1291 709 1379 procuratorem
735 1280 864 1375 perdet
887 1278 1034 1348 tertiam
1052 1283 1192 1368 partem
1210 1275 1391 1348 fruttuum
1410 1277 1593 1370 prebende
1610 1276 1671 1349 sue
1689 1279 1786 1350 illins

440 1399 526 1468 anni
543 1397 605 1488 qui
622 1395 759 1465 fruens
784 1389 1063 1484 applicabuntur
1079 1387 1214 1458 fabrice
1231 1383 1380 1459 ecclesie
1406 1411 1470 1482 pro
1492 1390 1612 1462 media
1629 1405 1731 1485 parte
1748 1403 1786 1462 et

441 1507 622 1581 canonicis
642 1501 881 1578 residentibus
898 1524 962 1594 pro
980 1499 1095 1570 altera
1111 1509 1214 1592 purte
1236 1501 1356 1571 media
1373 1539 1381 1557 ·
1401 1500 1510 1584 Quod
1526 1498 1554 1573 fi
1570 1526 1635 1596 per
1651 1527 1786 1574 annum

441 1629 710 1716 procuratorem
736 1611 955 1687 constituere
981 1607 1161 1682 distulerit
1179 1621 1219 1681 vt
1240 1613 1467 1704 premittitur
1484 1610 1528 1685 srt
1546 1611 1621 1707 ipso
1638 1616 1732 1686 satio
1749 1627 1787 1688 et

442 1732 518 1805 srne
543 1733 614 1804 alio
639 1724 799 1824 processu
823 1727 987 1819 priuatus
1003 1722 1179 1794 srutlibua
1202 1720 1264 1794 sue
1290 1724 1473 1817 prebende
1499 1727 1613 1800 donec
1640 1738 1678 1798 et
1701 1751 1788 1821 quo-

442 1843 554 1938 usque
579 1848 849 1937 procuratorem
874 1832 1103 1907 constituerit
1121 1843 1159 1905 et
1176 1843 1324 1928 propter
1348 1835 1447 1908 suam
1473 1838 1732 1934 negligentiam
1750 1851 1788 1912 et

443 1957 708 2030 contumaciam
731 1975 796 2046 per
815 1950 993 2020 decanum
1010 1957 1050 2017 et
1067 1947 1267 2039 capitulum
1290 1949 1542 2022 reconciliatus
1560 1951 1670 2024 fuerit
1688 1952 1789 2048 supe·

443 2075 517 2143 rius
544 2079 585 2140 rt
614 2064 841 2164 premittitur
866 2069 904 2132 et
934 2060 1072 2130 fruitus
1102 2061 1248 2130 iuterim
1278 2058 1557 2154 applicabuntur
1586 2061 1720 2138 fabrice
1750 2075 1788 2138 et

444 2181 626 2256 canonicis
644 2187 685 2250 rt
702 2174 831 2270 supra·

445 2408 503 2479 De
520 2403 704 2478 habitibus
716 2400 930 2472 vicariorum
945 2406 983 2468 et
1000 2419 1095 2490 pena
1107 2417 1180 2466 non
1193 2393 1411 2468 soluentium
1426 2401 1607 2472 canonicis
1623 2399 1789 2496 imposita

740 2527 779 2584 et
796 2504 1024 2604 promissione
1042 2506 1198 2602 episcopi
1215 2509 1310 2580 circa
1326 2511 1490 2582 eandem.

442 2745 540 2816 Item
561 2745 758 2812 renouetur
773 2733 879 2829 super
898 2734 1082 2806 habitibus
1100 2731 1313 2805 vicariorum
1332 2729 1406 2805 siue
1424 2733 1659 2809 stellariorum
1678 2762 1789 2831 quan-

442 2867 522 2929 tum
548 2854 593 2926 ad
619 2847 872 2944 superpellicia
893 2857 932 2918 et
954 2847 1105 2939 capucia
1127 2845 1290 2916 foderata
1306 2841 1387 2918 srne
1411 2855 1534 2920 tamen
1557 2853 1787 2924 reuocatione

442 2968 568 3064 prioris
585 2962 712 3036 statuti
730 2959 835 3054 super
852 2954 1026 3052 premislis
1040 2957 1128 3028 editi
1141 2979 1236 3028 anno
1250 2956 1398 3030 Domini
1416 2956 1606 3032 millesimo
1619 2963 1789 3036 tricente-

442 3079 531 3153 iimo
544 3071 762 3170 sexagesimo
776 3070 880 3144 sexto
893 3111 902 3128 ·
917 3069 1025 3154 Quod
1043 3068 1137 3140 infra
1149 3069 1387 3163 quadraginta
1399 3071 1475 3142 dies
1492 3069 1571 3165 post
1587 3073 1788 3167 proximam

441 3193 681 3264 monitionem
697 3208 763 3280 per
779 3181 978 3276 capitulum
995 3183 1033 3252 iu
1051 3179 1210 3274 generali
1234 3179 1367 3254 factam
1383 3180 1443 3254 seu
1461 3183 1618 3256 fiendam
1635 3187 1788 3278 quilibet

441 3300 699 3398 prebendarius
728 3296 917 3389 prouideat
941 3294 1037 3364 circa
1062 3314 1106 3364 ea
1131 3315 1212 3364 cunr
1240 3293 1370 3366 effescu
1392 3307 1430 3366 et
1451 3297 1547 3388 quod
1573 3298 1726 3389 quilibet
1750 3299 1786 3370 in

441 3417 510 3487 boc
534 3412 704 3484 deficiens
728 3405 845 3478 soluat
871 3406 996 3475 decem
1021 3401 1251 3476 solidoaetfi
1270 3415 1424 3480 extunc
1449 3408 1543 3480 infra
1561 3411 1690 3504 viginti
1712 3411 1787 3483 dies

441 3525 631 3620 sequentes
647 3543 721 3592 non
738 3517 937 3614 prouiderit
953 3516 992 3588 in
1009 3509 1183 3608 premiffis
1200 3514 1319 3589 soluat
1336 3519 1464 3613 viginti
1491 3517 1620 3592 solidos
1637 3531 1676 3594 et
1693 3524 1787 3614 quod

440 3638 543 3711 nulla
567 3636 672 3708 cudat
698 3625 852 3703 remissio
878 3627 972 3700 circa
998 3623 1164 3720 premissa
1190 3665 1200 3688 ·
1224 3637 1263 3698 et
1290 3650 1353 3720 pro
1379 3631 1504 3702 maiori
1528 3631 1700 3704 firmitate
1725 3657 1788 3728 per

441 3747 599 3844 singulos
615 3745 806 3818 canonicos
828 3742 897 3812 hoc
915 3741 1056 3810 iuretur
1073 3777 1081 3796 ·
1101 3737 1152 3810 Et
1169 3739 1337 3811 dominus
1360 3736 1480 3812 noster
1497 3739 1683 3837 episcopus
1708 3769 1787 3839 pro-

439 3858 537 3934 misit
560 3859 712 3930 firmiter
728 3853 823 3947 quod
848 3849 1083 3944 sequestrabit
1101 3851 1237 3924 fruitus
1254 3853 1516 3944 prebendarum
1534 3858 1785 3929 canonicorum

440 3977 535 4046 circa
559 3963 724 4066 premissa
748 3964 1038 4055 delinquentium
1056 3962 1153 4054 quod
1177 3984 1250 4033 non
1276 3961 1454 4036 relaxabit
1479 3961 1544 4036 nisr
1570 3969 1669 4060 prius
1691 3991 1788 4042 conr-

439 4094 608 4180 petenter
631 4079 740 4152 fuerit
766 4073 984 4149 satisfactum
1010 4084 1087 4146 tam
1113 4083 1290 4166 quantum
1316 4075 1361 4148 ad
1386 4076 1585 4171 principale
1608 4102 1716 4174 qnam
1742 4083 1785 4154 ad

437 4219 567 4296 penam
586 4234 594 4253 ·
