4050 5534
238 654 320 748 xa]
710 656 1116 733 Annanonnnsn.
1427 703 1430 711 -
1512 673 1582 745 137

236 854 328 925 Item
347 879 459 928 vnum
477 854 684 951 pontificale
701 856 868 951 pulcrum
887 860 925 931 in
943 856 1114 934 asseribus
1131 864 1170 933 in
1186 860 1343 936 secundo
1360 864 1447 937 folio
1464 864 1583 939 Deuo-

281 969 412 1040 donb-

235 1078 329 1153 Item
358 1104 469 1152 vnum
498 1081 707 1174 pontificale
738 1083 905 1177 pulcrum
937 1066 981 1155 de
1013 1083 1078 1158 vsu
1109 1089 1209 1159 curie
1236 1086 1402 1161 Romane
1426 1088 1583 1163 secundo

282 1193 368 1265 solio
385 1195 512 1265 -tuoius
530 1233 538 1250 ·
1613 1196 1616 1205 '

235 1306 328 1377 Item
354 1309 505 1379 tertium
531 1305 739 1400 pontificale
765 1318 978 1405 coopertum
1006 1312 1052 1383 de
1079 1313 1183 1406 nigro
1213 1314 1327 1385 corrio
1357 1315 1395 1385 in
1423 1311 1581 1387 secundo

282 1418 367 1490 solio
384 1417 497 1516 Luffli
515 1460 522 1476 ·

235 1530 328 1603 Item
347 1554 459 1602 vnum
477 1529 686 1627 psalterium
709 1533 873 1604 notabile
899 1534 1025 1606 datum
1051 1559 1116 1629 per
1140 1538 1329 1609 dominum
1347 1537 1578 1611 Willelmum

281 1644 470 1716 Callabare
486 1644 764 1737 prebendarium
783 1645 828 1715 de
847 1645 979 1717 Ellone
997 1650 1035 1718 in
1052 1646 1211 1721 secundo
1228 1651 1315 1721 folio
1340 1650 1412 1741 Qui
1426 1649 1578 1724 tauto

234 1754 326 1827 Item
354 1779 467 1827 vnum
485 1750 621 1828 missale
638 1756 685 1829 ad
702 1756 816 1829 altare
834 1755 944 1830 santii
962 1758 986 1829 J
989 1760 1141 1832 ohannis
1158 1763 1204 1833 de
1222 1764 1418 1835 donatione
1442 1765 1578 1835 domini

281 1868 431 1940 Henrioi
447 1870 492 1939 de
507 1868 673 1962 Lycbtou
687 1868 841 1963 episcopi
860 1872 898 1942 in
917 1867 1073 1944 secundo
1086 1874 1174 1944 folio
1188 1873 1277 1949 oum
1287 1877 1446 1971 potestate
1457 1900 1579 1974 ηιαφια
1670 1942 1674 1948 .

280 1991 312 2053 et
327 2006 422 2079 moqa
435 1982 527 2053 laic·
638 1984 640 1991 ⁴

234 2094 327 2165 Item
346 1984 457 2165 vnsrsm
475 2088 611 2165 missale
628 2094 673 2165 ad
691 2094 805 2165 altare
822 2092 944 2167 sancte
962 2094 1120 2167 Katrine
1138 2098 1184 2168 de
1202 2098 1398 2170 donatione
1419 2096 1576 2170 eiusdem

277 2208 413 2278 domini
428 2206 579 2278 Henrici
593 2203 747 2299 episcopi
761 2208 938 2300 incipiens
954 2208 993 2279 iu
1010 2203 1167 2281 secundo
1185 2210 1272 2282 solio
1282 2208 1454 2307 Iueffabile
1466 2212 1579 2307 mista

279 2322 371 2392 hum
389 2320 586 2417 coniurtpere
602 2317 738 2414 oolttisti
755 2358 764 2379 ο

233 2434 327 2505 Item
346 2457 457 2504 vnum
474 2432 620 2527 gradale
639 2433 683 2503 ad
703 2432 851 2503 chomm
870 2433 916 2503 de
934 2432 1128 2504 donatione
1142 2432 1302 2505 eiusdem
1320 2434 1456 2506 domini
1474 2435 1577 2507 Hen-

279 2549 343 2619 rici
357 2544 512 2639 episcopi
524 2546 700 2638 incipiens
714 2546 751 2615 in
764 2543 920 2615 seeundo
935 2543 1022 2614 solio
1035 2542 1210 2617 Dominus
1221 2545 1314 2619 dubit
1324 2545 1577 2645 boniportum,

279 2669 318 2730 et
335 2658 489 2753 ligatum
507 2658 552 2729 ad
570 2653 715 2728 stallum
733 2658 819 2728 dieti
837 2657 973 2727 domini
991 2654 1146 2751 episcopi
1165 2701 1176 2717 ι

231 2772 326 2843 Item
349 2793 461 2841 vnum
489 2766 639 2841 missalle
664 2770 709 2841 ad
739 2767 854 2865 altare
878 2764 986 2840 sandti
1014 2769 1194 2843 Columbo
1220 2772 1265 2843 de
1295 2772 1390 2842 dono
1418 2770 1576 2869 magistri

278 2882 431 2955 Henrioi
449 2883 579 2976 Rynde
598 2879 805 2975 thesaurarij
824 2889 862 2952 et
879 2882 1007 2974 incipit
1025 2883 1064 2952 in
1080 2878 1239 2953 seeundo
1256 2882 1343 2954 folio
1361 2892 1447 2955 -oute
1467 2884 1577 2981 cupito

277 2998 409 3093 oestra·
430 3007 468 3065 et
485 2990 537 3065 est
554 2994 775 3087 completum
796 3033 805 3056 ,
877 3044 883 3049 -

233 3108 348 3205 [Item
374 3132 421 3179 ex
444 3109 539 3177 dono
565 3105 748 3201 Ingerami
774 3104 962 3199 Lyndesay
988 3104 1144 3199 episcopi
1169 3104 1440 3181 Aberdonensls
1463 3133 1576 3183 vnum

277 3220 423 3318 gradale
441 3222 479 3291 in
496 3219 687 3313 temporali
706 3218 881 3311 incipiens
897 3220 935 3288 in
951 3214 1109 3289 secundo
1127 3218 1214 3289 folio
1230 3217 1348 3293 Edoce
1364 3244 1441 3293 nec.

232 3333 325 3406 Item
337 3356 383 3405 ex
398 3334 493 3403 dono
504 3328 664 3402 eiusdem
682 3354 793 3402 vnum
811 3329 956 3424 gradale
974 3330 1020 3401 de
1037 3327 1167 3402 faustis
1177 3333 1355 3425 incipiens
1368 3336 1407 3405 in
1419 3332 1575 3406 secundo

279 3446 365 3518 folio
384 3443 643 3541 Emisadntua·

233 3557 324 3631 Item
343 3581 455 3630 vnum
473 3552 608 3627 missale
631 3578 695 3649 pro
721 3553 826 3626 altari
854 3552 963 3627 sandei
982 3554 1152 3647 Mauricij
1171 3578 1218 3625 ax
1236 3556 1433 3634 donatione
1449 3558 1585 3631 vener-'

267 3666 383 3743 'abilis
400 3657 475 3740 viri
486 3663 643 3762 magistri
662 3666 808 3738 Ricardi
828 3667 963 3739 Forbes
982 3668 1110 3739 deoani
1127 3665 1424 3742 Aberdonensrs·

235 3782 326 3855 Item
344 3786 380 3855 in
399 3780 538 3876 capella
553 3777 664 3853 sancti
679 3762 848 3873 Mauricij
868 3802 914 3849 ex
932 3779 1127 3849 donatione
1141 3778 1300 3851 eiusdem
1319 3794 1474 3873 quatuor
1491 3784 1572 3857 libri

234 3898 317 3968 iuris
334 3896 496 3968 canonici
523 3892 693 3964 videlieet
711 3892 803 3963 liber
820 3891 1059 3963 decretalium
1081 3888 1205 3973 sextus
1230 3915 1314 3964 oum
1332 3893 1573 3970 clementinis

234 4018 270 4079 et
298 4008 389 4080 libro
419 4007 646 4083 decretorum
674 4045 683 4062 ·
707 4003 804 4075 Item
832 4005 870 4077 in
901 4004 1028 4075 eadem
1055 4004 1193 4097 capella
1222 4028 1269 4075 ex
1295 4006 1389 4077 dono
1414 4007 1574 4081 eiusdem

234 4145 341 4193 snum
357 4119 564 4214 psalterium
590 4117 780 4211 pulchrum
799 4157 808 4174 ·
827 4114 922 4187 Item
950 4140 996 4187 ex
1023 4116 1118 4186 dono
1144 4113 1305 4187 eiusdem
1322 4140 1433 4189 vnum
1454 4122 1574 4193 taber-

233 4232 399 4307 naculum
425 4255 490 4324 pro
516 4230 643 4301 eodem
669 4228 773 4301 altari
800 4229 845 4299 de
871 4224 1029 4301 alabaste
1055 4251 1138 4300 cum
1164 4229 1354 4300 armariolo
1375 4232 1420 4302 de
1438 4234 1573 4306 tabulis

233 4343 464 4417 orientalibus
488 4366 552 4436 pro
578 4337 804 4412 vestimentis
821 4339 943 4413 altaris
961 4338 1215 4413 conseruandIs
1240 4381 1249 4399 ·
1277 4339 1373 4412 Item
1399 4366 1446 4415 ex
1478 4346 1572 4418 douo

234 4454 388 4528 eiusdem
405 4458 451 4529 ad
467 4476 638 4549 magnum
652 4453 765 4526 altare
783 4454 854 4525 due
871 4454 1047 4549 imagines
1060 4474 1130 4524 vna
1144 4453 1315 4526 videlicet
1327 4455 1435 4528 beate
1453 4455 1573 4532 Mario

235 4570 378 4665 virginis
395 4607 403 4625 ·
422 4571 510 4641 item
538 4590 608 4639 vna
633 4566 748 4639 altera
765 4566 863 4639 beati
890 4564 1058 4658 Mauricij
1076 4601 1086 4620 ·
1103 4564 1201 4637 Item
1227 4590 1274 4638 ex
1300 4568 1395 4639 douo
1414 4568 1571 4655 eiusdem

284 4702 365 4755 von.
385 4702 425 4753 11.
889 4699 907 4749 s
