4050 5534
447 665 520 737 286
979 653 1286 730 REGIS'I'RUM
1635 655 1786 752 [ancum

449 883 663 957 quocunqne
673 857 901 956 permanebit
910 854 1094 950 quousque
1107 857 1153 927 de
1163 865 1242 928 tota
1259 855 1356 928 disca
1366 851 1503 930 sumnia
1515 857 1670 952 pecunie
1685 851 1785 926 simul

450 973 561 1046 semel
578 983 617 1044 et
632 971 792 1067 plenarie
804 970 915 1041 fuerit
931 967 1145 1040 satisfactum
1162 967 1264 1040 nnllo
1280 969 1513 1062 proponendo
1530 963 1697 1041 obstante
1715 1005 1724 1024 ·
1739 965 1787 1038 llt

450 1087 496 1158 ad
513 1085 581 1156 hec
598 1085 721 1155 omnia
742 1081 902 1154 fideliter
917 1089 956 1152 et
979 1079 1207 1175 integraliter
1223 1077 1444 1154 obseruanda
1468 1081 1574 1152 ambe
1598 1089 1720 1172 partes
1737 1078 1787 1150 al·

452 1197 624 1268 ternatim
642 1195 750 1266 fidem
767 1189 1001 1288 prestiterunt
1024 1191 1244 1284 corporalem
1262 1233 1271 1250 ·
1290 1189 1336 1264 In
1353 1193 1455 1264 cuiue
1471 1194 1523 1264 rei
1542 1186 1787 1264 testimonium

450 1316 555 1400 parte
571 1307 679 1377 huius
696 1301 818 1397 scripti
834 1304 1081 1398 cyrograpbati
1101 1327 1211 1397 penca
1228 1303 1341 1376 dictos
1356 1301 1532 1376 Thomam
1549 1312 1588 1376 ct
1607 1303 1791 1397 Margare-

450 1431 527 1490 tam
544 1414 713 1490 residenti
730 1411 887 1510 tigillum
904 1415 988 1486 disti
1005 1414 1183 1486 Jobannio
1200 1411 1254 1488 cst
1269 1413 1464 1509 appensum
1483 1439 1553 1488 vna
1574 1439 1659 1488 cnm
1675 1411 1789 1509 sigillo

452 1531 636 1601 communi
660 1528 748 1600 diui
771 1526 878 1622 burgi
904 1527 950 1598 de
973 1527 1147 1600 Aberden
1164 1537 1204 1600 et
1228 1523 1352 1624 sigillis
1377 1528 1460 1601 Atle
1486 1529 1549 1622 filij
1568 1527 1728 1602 Gilberti
1753 1537 1790 1598 et

452 1639 634 1714 Willelmi
652 1641 698 1713 de
716 1638 879 1711 Daltoun
903 1647 992 1710 tunc
1009 1638 1227 1712 balliuomm
1253 1637 1411 1714 eiusdem
1430 1641 1533 1735 burgi
1557 1641 1675 1736 gratia
1693 1637 1793 1712 tasti-

452 1755 591 1846 monij·
619 1761 659 1824 et
683 1751 836 1824 alteram
860 1761 1004 1844 partem
1021 1773 1132 1844 penae
1158 1751 1295 1826 ditium
1312 1752 1519 1826 iohannem
1544 1761 1791 1824 remanentem

452 1867 568 1938 dictus
584 1864 742 1940 Thomna
767 1859 873 1959 sigilli
890 1860 943 1934 sui
969 1859 1196 1982 impressione
1221 1865 1404 1936 roborauit
1421 1886 1492 1936 vna
1517 1885 1601 1936 cnm
1627 1863 1793 1934 omnibus

451 1977 576 2078 sigillis
592 1976 852 2071 prenominatis
868 1975 927 2047 die
946 1975 1025 2048 loco
1043 1985 1082 2048 et
1098 1999 1193 2049 anno
1211 1973 1421 2070 supradictis
1438 2015 1448 2034 ·

453 2300 579 2375 Litora
595 2302 710 2397 prola
727 2298 851 2375 Cawse
869 2303 916 2375 de
933 2302 1093 2376 Mentha
1112 2345 1121 2362 ·

455 2505 621 2602 Prosene
638 2526 834 2599 indentura
850 2527 945 2599 satta
960 2529 1056 2622 apud
1072 2529 1245 2602 Abardcii
1264 2533 1303 2602 in
1319 2531 1442 2626 vigilia
1458 2527 1683 2624 pentecostae
1700 2553 1795 2604 anno

455 2639 605 2712 Domini
618 2633 807 2710 millesimo
824 2636 1068 2712 tricentesimo
1081 2638 1295 2737 otlogesimo
1309 2651 1437 2736 quarto
1454 2641 1607 2716 testatur
1618 2644 1714 2736 quod
1727 2666 1795 2738 ege

455 2753 642 2824 Johaiinee
658 2749 754 2822 crab
780 2759 883 2843 pater
906 2749 1093 2846 burgensis
1119 2755 1164 2826 de
1190 2755 1363 2828 Abcrden
1387 2755 1469 2828 dedi
1495 2751 1645 2828 concessi
1664 2765 1702 2828 et
1726 2756 1796 2827 hoc

455 2861 613 2960 presenti
626 2859 756 2956 scripto
770 2886 852 2934 meo
863 2858 1069 2958 lirogralato
1082 2864 1142 2936 vel
1154 2867 1343 2940 indentato
1357 2866 1567 2940 confirmaui
1579 2867 1709 2940 dilecto
1721 2867 1795 2938 lilio

455 3001 538 3048 meo
558 2973 672 3047 Paulo
685 2974 781 3047 Orab
793 2983 910 3046 totam
924 2986 1057 3048 terram
1068 2999 1187 3050 meam
1205 2978 1250 3052 do
1267 2979 1456 3074 Kyncortb
1471 3003 1554 3052 cum
1568 2976 1796 3074 pertinentija

456 3089 734 3182 impignoratam
758 3108 824 3179 per
846 3087 1017 3159 abbatem
1035 3088 1080 3162 da
1104 3089 1313 3163 Abarbroth
1341 3103 1380 3163 et
1397 3104 1619 3164 conuentum
1637 3089 1795 3164 eiusdem

457 3197 606 3272 subhac
622 3199 830 3270 conditione
846 3200 942 3290 quod
959 3201 1246 3294 quandocunque
1264 3205 1450 3298 contingat
1475 3203 1610 3275 discum
1626 3205 1795 3276 abbatem

457 3311 516 3384 vel
534 3320 758 3384 conuentum
774 3307 933 3382 eiusdem
958 3315 1165 3404 acquietare
1181 3315 1240 3386 vel
1265 3312 1402 3388 soluere
1428 3317 1558 3389 diuam
1584 3318 1797 3411 impignora-

458 3427 598 3496 tionem
615 3424 731 3495 dictae
749 3421 883 3494 Paulus
899 3423 995 3494 filius
1013 3447 1116 3498 meus
1132 3427 1283 3521 recipiet
1300 3437 1338 3500 et
1350 3429 1498 3500 habebit
1515 3430 1560 3501 ad
1578 3426 1678 3500 vsum
1696 3425 1795 3500 suum

457 3538 641 3631 proprium
665 3536 926 3628 quinquaginta
950 3534 1060 3610 libras
1085 3535 1336 3634 sterlingomm
1357 3550 1396 3612 et
1422 3539 1510 3612 eliae
1539 3543 1797 3635 quinquaginta

459 3649 568 3720 librae
591 3648 741 3720 habebit
757 3648 796 3718 in
814 3643 975 3741 deposito
1000 3648 1046 3721 ad
1063 3647 1162 3722 vsnm
1188 3663 1227 3722 et
1245 3647 1539 3726 sustentationem
1562 3654 1681 3746 pontio
1705 3675 1797 3745 aque

459 3762 506 3834 da
524 3761 604 3832 Dee
623 3799 632 3815 ·
651 3759 773 3832 Etiam
788 3760 872 3832 dedi
889 3769 928 3831 et
944 3757 1098 3833 concessi
1116 3762 1211 3834 diuo
1229 3761 1343 3836 Panlo
1360 3764 1435 3836 filio
1452 3786 1534 3836 meo
1551 3765 1632 3838 illos
1650 3767 1798 3857 quadra·

459 3876 563 3969 ginta
572 3868 702 3943 solidos
713 3872 801 3942 mibi
813 3873 1000 3944 annuatim
1014 3875 1268 3970 contingentes
1280 3875 1427 3948 baronio
1441 3878 1486 3948 de
1500 3876 1651 3970 Fyndon
1666 3879 1703 3948 in
1720 3899 1797 3970 par·

461 3987 560 4058 tibiis
577 3985 757 4056 montium
770 3985 816 4056 ad
829 3980 931 4055 isum
944 4007 1034 4078 opus
1052 3995 1090 4058 et
1102 3983 1399 4060 sustentationem
1417 3989 1462 4060 da
1473 3985 1610 4082 Onusey
1620 3989 1796 4060 montium

459 4106 498 4169 ct
515 4097 636 4198 pontia
653 4119 746 4189 aque
763 4096 809 4167 de
825 4095 906 4168 Dee
923 4095 988 4169 sub
1001 4099 1070 4170 hac
1080 4099 1287 4170 conditione
1303 4100 1398 4191 quod
1416 4101 1531 4172 diibus
1545 4098 1679 4170 Paulus
1692 4099 1797 4172 saciat

459 4210 601 4281 obitum
626 4229 749 4279 meum
766 4208 805 4278 in
829 4205 1046 4280 monasterio
1062 4211 1108 4282 de
1126 4210 1333 4284 Aberbrotb
1346 4207 1444 4284 sicut
1457 4212 1526 4284 soci
1544 4213 1651 4284 matri
1673 4209 1734 4284 sne
1758 4222 1796 4284 et

459 4321 510 4392 ibi
526 4319 643 4393 soluat
660 4321 783 4392 decom
803 4341 940 4392 marcas
958 4322 1004 4393 de
1021 4321 1132 4394 sirmis
1149 4322 1195 4394 de
1213 4321 1396 4396 Kincorth
1422 4363 1431 4381 ·
1457 4333 1496 4396 et
1520 4324 1557 4394 in
1582 4335 1721 4418 partem
1747 4321 1797 4396 so·

458 4431 607 4504 lationis
624 4431 801 4503 diblamm
813 4431 939 4503 decem
952 4453 1154 4508 marcarum
1171 4434 1218 4507 do
1231 4444 1270 4508 ct
1287 4435 1445 4508 concedo
1463 4435 1556 4507 ditio
1575 4435 1688 4508 Paulo
1706 4437 1797 4510 Crab

457 4542 538 4616 illae
550 4543 709 4636 quinque
725 4563 864 4614 marcaa
874 4539 1125 4639 sterlingorum
1141 4548 1177 4619 in
1192 4549 1322 4641 quibua
1333 4547 1499 4643 dominus
1513 4545 1623 4645 Hngo
1641 4552 1686 4624 de
1698 4551 1797 4624 Dun-
