4050 5534
971 651 1276 728 REGIS'IRUM
1640 652 1792 749 [aucum

569 964 701 1039 XXII.
730 966 791 1038 Ne
808 966 929 1040 clerici
946 966 1005 1037 vel
1022 966 1188 1040 monachi
1206 963 1243 1038 se
1259 967 1414 1062 negetijc
1430 964 1654 1038 immisceant
1671 1005 1680 1022 ·

459 1191 553 1263 Cum
579 1195 656 1263 iure
681 1191 805 1262 diuino
830 1201 868 1261 et
892 1190 1051 1262 humano
1076 1198 1248 1262 caueatur
1272 1190 1368 1282 quod
1397 1212 1505 1261 nemo
1535 1189 1696 1260 militana
1716 1187 1796 1260 Deo

460 1304 623 1399 implicet
647 1301 684 1374 se
709 1303 868 1396 negocijs
895 1298 1114 1374 secularibus
1139 1297 1329 1374 statuimus
1355 1302 1451 1395 quud
1478 1323 1585 1372 neme
1613 1298 1797 1396 religiosus

462 1426 527 1488 aut
543 1415 745 1488 sacerdotes
762 1414 821 1486 vel
838 1413 958 1486 clerici
983 1411 1111 1486 faustis
1127 1411 1285 1508 ecclesijc
1301 1411 1433 1486 astristi
1449 1415 1587 1486 autores
1602 1411 1662 1484 rel
1685 1413 1797 1484 admi·

461 1525 668 1600 nistratores
688 1524 899 1598 secularium
925 1521 1153 1620 personarum
1169 1527 1207 1598 iu
1223 1527 1382 1622 negocija
1398 1522 1616 1598 secularibus
1633 1525 1722 1597 liant
1737 1524 1797 1595 vel

462 1635 786 1712 administrationes
813 1637 935 1709 abeis
962 1659 1082 1708 rerum
1109 1635 1172 1709 seu
1201 1639 1427 1733 negotiorum
1453 1634 1666 1710 secularium
1689 1634 1797 1708 susci-

461 1755 563 1847 piant
591 1775 655 1847 per
680 1773 767 1843 quas
793 1751 838 1822 ad
864 1750 1052 1822 ratiocinia
1081 1759 1274 1822 teneantur
1301 1772 1349 1821 ne
1373 1761 1412 1820 et
1437 1745 1503 1844 ipsa
1527 1750 1567 1820 in
1591 1746 1796 1821 scandalum

462 1860 610 1936 ecclesie
626 1886 691 1958 per
708 1860 903 1934 secularem
927 1863 1129 1956 potentiam
1152 1863 1311 1957 grauiter
1330 1861 1579 1956 opprimantur
1594 1871 1633 1933 et
1649 1856 1797 1934 ecclesie

463 1973 526 2049 fibi
544 1972 724 2049 commisse
742 1997 788 2046 ex
805 1975 874 2046 hoc
891 1975 1088 2046 enormiter
1106 1974 1301 2046 ledantur·
1321 1973 1442 2061 Quare
1458 1968 1486 2044 fi
1502 1973 1612 2067 aliqui
1629 1971 1797 2046 aduersus

461 2090 529 2162 hoc
559 2083 791 2182 imposterum
816 2087 938 2158 uenire
965 2081 1242 2180 presumpserint
1266 2087 1312 2158 ab
1337 2081 1573 2158 ecclesiastico
1600 2083 1797 2160 ministerio

461 2202 550 2274 fiant
568 2201 677 2274 alieni
694 2223 757 2293 pro
771 2222 815 2270 eo
828 2199 922 2292 quod
941 2196 1099 2271 clericali
1117 2197 1232 2270 officia
1249 2198 1414 2293 neglecte
1431 2195 1598 2270 fluctibus
1613 2195 1722 2270 seculi
1739 2197 1797 2270 vel

461 2309 699 2408 potestatibus
715 2308 933 2383 secularibus
948 2309 985 2382 se
1002 2311 1189 2398 iunxerint
1207 2351 1215 2366 ·

878 2531 1031 2604 XXIII.
1058 2532 1154 2605 Item
1172 2535 1361 2606 decadem
1379 2579 1387 2594 ·

463 2758 559 2830 Item
576 2753 708 2829 salubri
732 2749 932 2850 prouisionc
950 2757 1175 2830 decreuimus
1191 2766 1232 2828 vt
1249 2758 1369 2829 clerici
1395 2757 1597 2833 beneficIati
1613 2759 1660 2832 de
1676 2770 1797 2833 cetero

464 2871 588 2940 domos
612 2877 676 2940 aut
705 2862 929 2962 possessiones
956 2867 1065 2940 laicae
1091 2869 1137 2940 ad
1162 2891 1252 2962 opus
1276 2869 1555 2942 concubinarum
1579 2881 1618 2943 et
1641 2871 1797 2946 filiorum

461 2979 604 3053 suorum
631 3003 751 3052 emere
775 3003 850 3050 non
874 2977 1082 3072 presumant
1109 3003 1176 3051 nec
1203 2983 1312 3053 etiam
1338 2982 1384 3054 ad
1411 3005 1500 3075 opua
1526 3005 1651 3055 eorum
1673 2985 1798 3058 demon

463 3089 671 3166 construant
693 3093 733 3162 in
753 3090 858 3162 feodo
884 3090 1001 3163 laicali
1018 3091 1072 3163 set
1089 3114 1158 3163 nec
1175 3093 1285 3163 etiam
1310 3094 1500 3186 pecuniam
1525 3091 1728 3168 ministrent
1750 3100 1798 3170 ad

462 3201 665 3279 huiusmodi
691 3203 843 3275 emenda
860 3202 905 3274 ad
926 3226 1016 3298 opue
1041 3202 1185 3274 illorum
1202 3213 1242 3275 rt
1259 3200 1308 3275 suc
1334 3207 1386 3276 eia
1409 3203 1639 3278 subtrahatur
1661 3207 1798 3281 occasio

462 3315 683 3411 malignandi
701 3353 709 3370 ·
729 3309 756 3384 fi
772 3316 852 3406 quis
870 3311 974 3409 super
989 3314 1058 3387 hoe
1078 3316 1256 3387 habeatur
1270 3312 1365 3388 insta
1380 3318 1519 3389 ratione
1535 3315 1715 3412 suspestua
1730 3318 1797 3393 nisr

462 3428 508 3500 ad
541 3427 729 3498 arbitrium
758 3422 947 3519 superioris
975 3424 1012 3497 se
1041 3429 1249 3522 purgauerit
1282 3423 1390 3521 ipsius
1423 3429 1570 3500 arbitrio
1599 3433 1795 3523 puniatur·

462 3548 627 3634 preterea
642 3535 729 3610 licet
745 3533 962 3610 testamenta
985 3538 1167 3634 legittima
1191 3540 1401 3612 clericorum
1425 3541 1719 3614 beneficiatomm
1735 3545 1797 3617 dc-

462 3650 695 3724 cendentium
718 3649 882 3720 volumus
913 3648 1091 3722 obseruari
1120 3649 1289 3723 nolumus
1317 3661 1440 3724 tamen
1467 3653 1562 3747 quod
1589 3656 1796 3729 concubinis

461 3763 596 3858 aliquid
613 3763 651 3832 in
668 3756 885 3834 testamento
910 3761 1116 3855 relinquant
1135 3803 1144 3820 ·
1162 3760 1301 3856 quodsi
1319 3765 1364 3836 dc
1384 3773 1506 3838 cetero
1530 3766 1664 3838 sactum
1685 3767 1795 3840 suerit

461 3885 580 3948 totum
606 3872 697 3945 illud
713 3874 752 3943 in
770 3870 870 3944 vsum
897 3869 1045 3947 ecclesie
1062 3897 1170 3968 quam
1192 3876 1288 3948 rexit
1310 3875 1501 3950 defunctae
1524 3875 1679 3972 episcopi
1703 3881 1796 3953 arbi-

462 3991 531 4061 trio
548 3993 806 4060 conuertatur·

878 4207 1054 4282 xxnn.
1080 4209 1138 4283 ne
1155 4153 1377 4284 rumaren.

461 4433 554 4506 Item
574 4429 764 4506 statuimus
782 4441 821 4504 vt
842 4455 924 4504 cum
948 4431 1132 4505 indultum
1149 4431 1194 4506 sit
1210 4432 1445 4530 hospitalarija
1461 4459 1504 4508 ac
1520 4434 1599 4531 alija
1621 4437 1794 4534 religiosis

309 4643 311 4648 Ι
459 4542 669 4641 quibusdam
681 4544 728 4616 ab
740 4539 933 4639 apostolica
944 4541 1299 4640 seucumipsomm
1311 4548 1467 4621 iucundo
1478 4548 1699 4622 aduentuad
1715 4551 1795 4628 loca
