4050 5534
245 646 326 743 xe]
712 645 1115 722 Anenoonnusn.
1513 654 1581 719 133

245 847 339 919 Item
358 848 491 920 omelia
506 849 605 921 beuti
623 848 787 943 Gregorij
806 857 844 919 et
861 848 988 941 incipit
1010 845 1293 942 Reuerendifflmo
1308 837 1578 943 etsondlffmo·

245 959 338 1031 Item
350 959 490 1032 summo
500 961 545 1032 de
555 962 786 1033 matrimonio
796 961 970 1053 incipiens
982 960 1019 1030 in
1030 956 1184 1030 secundo
1195 958 1282 1031 folio
1292 955 1577 1031 Pomuuono.

247 1070 644 1256 Itdnlledleelllllrltdrium
669 1150 846 1279 incipiens
875 1186 913 1255 in
943 1181 1099 1256 secundo
1124 1183 1211 1254 folio
1239 1179 1421 1256 Fortitudo
1444 1185 1488 1279 ost
1513 1208 1579 1281 quo

247 1294 560 1480 ltearllugdllelinus
577 1418 616 1479 et
632 1409 760 1501 incipit
776 1407 840 1479 Ao
853 1430 938 1479 onus
953 1406 1050 1503 oposo
1065 1408 1102 1478 in
1120 1416 1227 1479 textu
1244 1450 1252 1467 ·

246 1517 340 1591 Item
356 1519 443 1590 ordo
460 1516 597 1614 septem
614 1520 790 1615 graduum
808 1528 847 1591 et
859 1515 907 1591 fic
924 1521 1051 1614 incipit
1070 1519 1087 1615 [
1308 1520 1337 1615 ·]

591 1858 707 1929 luem
726 1877 998 1929 nncnnrnmuu
1017 1877 1204 1930 recurres

249 2078 290 2151 In
306 2084 429 2176 primis
442 2104 534 2153 vnus
551 2080 643 2155 liber
659 2080 892 2153 decretalium
910 2082 1085 2176 incipiens
1102 2084 1140 2153 in
1157 2082 1312 2156 secundo
1325 2085 1411 2158 fello
1423 2084 1577 2183 spiratus

280 2188 454 2293 sandius·

248 2306 338 2379 Item
357 2308 556 2381 Decretum
572 2308 754 2401 perditum
773 2329 836 2399 per
852 2302 1061 2401 magistrum
1078 2306 1284 2380 Iohannem
1305 2308 1494 2384 Barbour·

248 2418 339 2492 Item
373 2443 527 2514 paruum
556 2419 726 2491 volumen
757 2419 802 2489 de
836 2419 976 2491 decime
1008 2420 1203 2492 collatione
1236 2423 1274 2492 in
1305 2418 1459 2495 secundo
1489 2426 1575 2497 folio

296 2530 426 2605 Plcdoio
444 2532 641 2632 mopzflrotu
659 2572 667 2589 ·

247 2644 340 2718 Item
358 2642 495 2718 statuta
511 2639 739 2717 ecclefiorum
751 2639 972 2715 Colonienfir
990 2654 1028 2714 et
1043 2643 1250 2717 Leodiensre
1266 2648 1305 2718 in
1321 2645 1477 2720 secundo
1490 2652 1576 2722 folio

291 2757 377 2831 Item
391 2768 507 2830 contro
519 2754 752 2829 incendiarios
764 2800 771 2815 ·
784 2766 822 2828 et
833 2752 899 2827 iste
910 2756 1074 2848 perditur
1083 2780 1147 2851 per
1160 2756 1370 2853 magistrum
1381 2758 1576 2835 Nicolaum

292 2870 461 2942 Cnmnok
475 2883 564 2942 tunc
575 2870 752 2941 decenum
771 2910 779 2925 ·

246 2980 338 3053 Item
366 2982 506 3053 summa
532 2981 693 3052 Rofiiedi
723 2981 810 3051 iuris
837 2980 953 3052 ciuilis
982 2983 1020 3052 in
1046 2972 1202 3054 secundo
1230 2984 1315 3055 folio
1342 2983 1391 3059 El
1417 2992 1574 3082 noostc·

297 3096 511 3193 [Reperitur
522 3092 551 3187 ·]

246 3208 339 3281 Item
357 3208 494 3280 lecturo
509 3206 717 3299 Innocencij
739 3202 843 3300 super
868 3208 1067 3280 decretales
1083 3212 1121 3279 iu
1140 3208 1295 3281 secundo
1312 3210 1398 3282 folio
1415 3209 1461 3283 Io
1473 3213 1576 3309 futte-

292 3345 368 3393 mm
386 3360 394 3377 ·
416 3318 633 3415 [Reperitnr
648 3316 677 3413 ·]

246 3434 338 3505 Item
355 3431 495 3505 lecture
511 3427 710 3503 Hostiensrs
727 3434 764 3503 in
782 3428 937 3504 secundo
954 3432 1041 3505 folio
1059 3433 1239 3508 Condondo
1253 3435 1358 3535 lopic-

247 3546 338 3618 Item
353 3546 424 3617 duo
442 3544 523 3616 libri
541 3543 586 3615 de
604 3538 842 3615 eccleliastiea
854 3540 1033 3637 potestate
1051 3587 1059 3602 ·
1078 3548 1215 3639 primus
1231 3550 1359 3642 incipit
1370 3553 1407 3622 in
1420 3550 1574 3625 secundo

293 3657 377 3729 folio
396 3654 656 3753 Elspirituolio
673 3696 681 3713 ·
700 3664 739 3727 et
753 3654 845 3728 alter
862 3657 899 3726 in
918 3654 1073 3729 secundo
1087 3658 1172 3731 folio
1196 3657 1360 3734 Virtutem
1378 3703 1386 3720 ·
1405 3687 1476 3736 vna
1492 3690 1574 3738 cum

293 3769 532 3841 Policreticon
544 3765 721 3839 Johunnie
748 3768 876 3839 Serum
894 3770 931 3839 in
949 3766 1104 3841 seeundo
1122 3771 1208 3843 folio
1232 3772 1372 3870 Linque
1394 3778 1573 3875 moycstro·

293 3882 399 3953 eblet’
417 3905 482 3976 per
498 3876 702 3973 episcopum
721 3877 977 3976 Glesguensem
996 3922 1005 3939 ·

245 3993 339 4065 Item
356 3992 392 4065 ff.
411 4004 515 4065 vetus
532 3992 660 4085 incipit
676 3993 714 4063 in
727 3990 882 4064 secundo
899 3993 985 4065 folio
1002 3996 1040 4065 in
1058 4006 1164 4068 textu
1181 3996 1227 4069 Io
1240 3999 1424 4073 munitione
1441 4043 1448 4058 ·

245 4104 340 4177 Item
357 4104 489 4176 Petrus
506 4100 649 4175 Blesen’
668 4106 705 4174 in
723 4100 880 4197 epistolis
897 4103 1048 4200 scriptus
1065 4110 1103 4179 in
1120 4114 1243 4204 papiro
1261 4151 1269 4168 ·

245 4218 339 4289 Item
357 4240 449 4289 vnne
465 4216 557 4323 liber
572 4218 611 4287 in
628 4212 796 4289 efferibue
821 4218 866 4290 de
887 4218 1036 4313 judiciJe
1061 4229 1099 4291 et
1124 4223 1248 4294 ordine
1278 4224 1355 4295 eius
1384 4226 1510 4322 incipit
1536 4234 1574 4301 iu

294 4333 406 4424 primo
423 4329 509 4401 folio
526 4321 772 4401 Portrodloto·

243 4443 340 4515 Item
357 4438 479 4513 sextus
496 4449 535 4511 et
550 4439 789 4536 mendegotus
814 4444 851 4512 in
877 4466 947 4514 vno
975 4444 1158 4518 volumine
1183 4449 1221 4517 in
1246 4444 1401 4521 secundo
1427 4452 1513 4525 folio
1539 4457 1576 4527 in

293 4564 399 4627 textu
415 4550 540 4626 Lotum
557 4594 566 4610 ·
1382 4571 1385 4576 ’
