4050 5534
225 679 327 775 xva]
694 663 1098 741 ABERDONENSE.
1494 673 1566 745 257

118 957 124 960 ,
226 881 362 974 Papam
390 901 453 972 pro
479 871 705 947 absolutione
722 877 899 962 oportuna
925 864 1077 960 desuper
1107 865 1304 938 obtinenda
1328 865 1565 936 remittendos

226 989 296 1066 esse
320 1000 360 1064 et
384 987 523 1061 remitti
549 983 680 1056 debere
704 989 813 1075 prout
837 980 948 1050 etiam
975 974 1155 1050 remisisti·
1186 973 1393 1050 decreuistis
1410 999 1566 1071 pronun-

226 1103 346 1180 ciastis
372 1115 411 1176 et
440 1094 645 1173 declarastis
671 1091 803 1186 eosque
828 1093 865 1161 in
891 1085 1057 1184 expensis
1088 1090 1162 1162 litis
1188 1111 1311 1161 aarum
1341 1089 1565 1160 taxationem

226 1222 327 1295 vobis
351 1213 565 1291 reseruando
594 1199 883 1298 condempnastis
912 1201 1018 1274 dictis
1048 1203 1315 1296 exponentibus
1343 1202 1460 1273 eidem
1488 1200 1565 1273 sen·

225 1335 343 1407 tentia
370 1332 515 1402 decreto
542 1322 603 1396 seu
629 1316 945 1410 condempnatioui
971 1313 1089 1386 forsan
1115 1311 1424 1408 acquiescentibus
1442 1354 1450 1370 ·
1470 1313 1563 1385 Cum

225 1458 348 1520 autem
368 1440 459 1514 srcut
475 1438 603 1511 eadem
619 1430 858 1525 subiungebat
875 1429 1004 1521 petitio
1024 1427 1108 1498 disti
1126 1435 1350 1520 exponentes
1367 1427 1428 1519 qui
1442 1425 1563 1500 austo-

225 1562 334 1655 ritate
364 1553 482 1626 restra
510 1548 689 1621 ordinaria
713 1544 828 1615 donec
851 1542 917 1635 eijs
942 1540 988 1612 ad
1014 1538 1135 1612 sedem
1162 1534 1392 1632 apostolicam
1422 1550 1564 1632 pateret

224 1665 380 1747 accessus
406 1665 541 1738 fuerint
565 1656 719 1732 absoluti
745 1657 792 1727 ob
821 1661 1073 1748 paupertatem
1098 1661 1137 1723 et
1165 1674 1284 1723 rerum
1309 1653 1495 1744 penuriam
1522 1675 1564 1724 ac

223 1785 313 1858 alios
329 1790 484 1854 euentus
502 1773 622 1846 sedem
638 1769 833 1865 predistam
852 1765 1040 1838 commode
1058 1765 1155 1836 adire
1172 1788 1246 1836 non
1263 1764 1408 1836 valeant
1426 1805 1434 1821 ·
1454 1764 1565 1858 Prop-

223 1908 325 1969 terea
340 1894 386 1965 ad
404 1914 465 1964 cor
481 1880 612 1960 reuersi
629 1891 668 1954 et
686 1875 851 1975 premisb
867 1873 1077 1950 commisisse
1094 1876 1290 1970 plurimum
1307 1877 1472 1949 dolentes
1489 1887 1526 1948 et
1544 1903 1565 1949 a

225 2007 400 2081 similibus
433 2006 470 2073 in
500 2001 664 2070 futurum
694 1989 873 2065 abstinere
905 1998 1148 2085 proponentes
1177 1987 1367 2085 supplicari
1401 1990 1564 2062 fecerunt

223 2120 411 2195 humiliter
427 2111 493 2186 fibi
505 2110 610 2205 super
625 2109 681 2179 his
698 2128 763 2200 per
779 2103 898 2176 sedem
911 2100 1142 2196 apostolicam
1156 2102 1201 2174 de
1214 2110 1393 2197 oportuno
1407 2103 1565 2174 remedio

225 2229 501 2306 misericorditer
510 2220 709 2318 prouideri·
722 2216 802 2288 Nos
812 2217 923 2312 igitur
933 2213 1112 2286 sententie
1126 2214 1263 2286 decreti
1277 2224 1315 2286 et
1326 2217 1566 2309 condempna-

226 2347 336 2419 tionis
353 2353 392 2415 et
408 2332 586 2434 processus
609 2332 725 2405 habiti
751 2330 900 2423 predisti
918 2352 960 2400 ac
977 2326 1131 2400 aliorum
1156 2327 1217 2399 hic
1235 2327 1345 2399 latius
1362 2330 1567 2422 exprimen-

228 2461 355 2531 dorum
371 2466 516 2525 tenores
533 2456 573 2519 et
589 2444 803 2538 compendia
819 2438 1044 2534 presentibus
1067 2465 1131 2535 pro
1149 2441 1256 2534 plane
1284 2449 1322 2511 et
1349 2439 1567 2513 sufficienter

228 2563 398 2665 expressis
426 2563 603 2636 habentes
637 2557 853 2629 auctoritate
883 2553 1033 2623 domini'
1050 2575 1143 2646 pape
1171 2553 1275 2624 cuius
1308 2554 1587 2658 penitentiariess

228 2705 352 2757 curam
368 2679 525 2775 gerimus
543 2680 582 2744 et
606 2670 652 2742 da
672 2671 750 2741 eius
775 2664 918 2761 speciali
944 2666 1117 2737 mandato
1144 2661 1248 2758 super
1272 2665 1341 2737 hoc
1360 2667 1442 2737 viue
1469 2667 1566 2737 vocis

227 2793 372 2867 oraculo
389 2789 492 2860 nobis
509 2786 603 2857 fatto
628 2776 935 2872 circumspettioni
961 2774 1078 2850 vestre
1104 2779 1365 2852 committimus
1388 2788 1566 2871 quatenus

228 2905 254 2979 fl
271 2903 326 2979 cst
342 2906 394 2974 ita
410 2896 599 2995 postquam
615 2917 681 2990 per
698 2913 824 2964 omnes
850 2893 1002 2962 maiores
1028 2885 1192 2962 ecolesma
1208 2889 1306 2962 illius
1322 2889 1392 2961 loci
1412 2892 1470 2961 vbi
1487 2901 1567 2962 tan-

229 3031 309 3092 tum
335 3016 474 3088 facinus
500 3010 571 3081 suit
597 3011 847 3102 perpetratum
877 3003 966 3074 nudi
993 2997 1184 3073 disealsrati
1208 3002 1362 3096 bracbijs
1389 3002 1567 3074 duntaxat

229 3132 381 3206 retentis
398 3127 535 3220 virgam
563 3121 722 3193 ferentes
745 3118 785 3188 in
812 3116 977 3187 manibus
994 3123 1033 3186 et
1050 3115 1239 3209 corrigiam
1267 3116 1361 3186 circa
1381 3114 1514 3187 collum
1542 3111 1568 3185 sr

228 3244 351 3318 secure
368 3239 529 3335 poterint
546 3233 706 3327 alioquin
723 3229 872 3302 alterius
889 3226 994 3298 alteri
1018 3248 1083 3319 per
1100 3248 1162 3297 vos
1181 3227 1378 3320 deputandi
1396 3226 1441 3298 ad
1459 3251 1567 3320 quem

230 3369 333 3431 tutus
351 3355 403 3426 eis
419 3358 544 3445 pateat
573 3339 730 3418 accessus
756 3336 961 3414 incesserint
987 3348 1026 3411 et
1051 3349 1137 3410 ante
1163 3339 1256 3410 fores
1281 3337 1436 3432 ipsarum
1454 3340 1569 3412 eccle·

230 3467 361 3543 siarum
379 3490 401 3537 a
416 3459 624 3558 presbiteris
648 3457 843 3532 earundem
860 3450 1038 3547 psalmum
1063 3449 1340 3546 penitentialem
1365 3451 1570 3525 dicentibus

231 3581 268 3656 se
284 3579 436 3653 fecerint
463 3573 643 3645 verberari
667 3592 780 3663 quum
805 3569 919 3638 maior
942 3568 981 3636 in
1006 3567 1058 3637 eis
1084 3563 1200 3636 aderit
1224 3562 1347 3656 populi
1372 3565 1569 3637 multitudo

232 3687 492 3791 presbytricidij
509 3693 651 3757 reatum
668 3677 872 3752 huiusmodi
898 3677 1106 3749 confitendo
1132 3685 1171 3747 et
1196 3671 1345 3747 ecclesie
1371 3679 1430 3748 oui
1456 3677 1570 3749 dictus

233 3802 418 3903 presbyter
448 3796 587 3888 occisus
619 3791 800 3867 seruiebat
828 3785 854 3860 si
884 3789 1045 3860 nondum
1080 3785 1315 3860 satisfecerint
1355 3786 1570 3863 satisfaciant

234 3922 484 4012 competenter
507 3908 652 4004 pheudo
681 3913 720 3977 et
755 3905 832 3974 iure
857 3909 1069 3995 patronatus
1096 3895 1121 3970 sr
1147 3923 1217 3993 que
1243 3900 1289 3972 ab
1323 3900 1398 3994 ipsa
1423 3899 1572 3976 ecelesia

234 4033 471 4105 obtinuerunt
486 4018 571 4117 ipsis
587 4029 626 4092 et
643 4019 722 4090 cius
734 4014 926 4088 heredibus
938 4021 1115 4106 perpetuo
1132 4015 1305 4106 priuatis·
1321 4013 1371 4084 Et
1389 4037 1435 4086 ne
1452 4018 1571 4089 minus

236 4144 394 4216 vindista
410 4159 517 4231 quam
528 4126 689 4206 excelsus
705 4128 879 4201 memoria
894 4133 1108 4220 prorogetur
1124 4126 1202 4196 eius
1220 4125 1323 4197 liberi
1340 4136 1488 4220 propter
1503 4129 1572 4202 hoc
1675 4161 1679 4172 ·

235 4254 411 4329 inhabiles
435 4244 649 4321 censeantur
665 4244 711 4316 ad
726 4238 949 4314 beneficium·
960 4232 1236 4309 ecclesiasticum
1253 4239 1490 4310 obtinendum
1508 4237 1574 4313 nifi

235 4391 316 4444 cum
327 4366 380 4438 eis
391 4387 456 4458 per
464 4360 585 4434 sedem
598 4351 828 4451 apostolicam
839 4352 948 4423 fuerit
957 4349 1065 4445 super
1073 4351 1142 4421 hoc
1152 4347 1428 4423 misericorditer
1438 4350 1577 4448 dispen-

234 4490 373 4564 tatum·
391 4475 485 4570 ipsos
495 4473 604 4545 laicos
620 4478 660 4541 et
676 4491 802 4540 eorum
816 4464 1014 4559 quemlibet
1031 4487 1053 4535 a
1070 4464 1164 4534 dista
1180 4471 1218 4534 et
1235 4462 1416 4555 quibusvis
1429 4464 1508 4561 alijs
1521 4491 1578 4540 ec·

236 4587 439 4666 clasiasticis
456 4581 644 4676 sententijs
661 4575 818 4653 censuris
834 4589 874 4652 et
899 4579 1001 4671 penis
1019 4599 1107 4671 quas
1124 4572 1308 4650 occasione
1333 4576 1578 4672 premissorum

287 4722 373 4775 voa.
393 4719 434 4770 11.
886 4699 906 4763 2
927 4712 954 4769 K
