4050 5534
561 673 866 751 REGISTRUM
902 674 1308 750 ABERDONENSE.
1533 687 1605 753 293

259 902 355 950 nunc
381 878 419 948 in
444 862 610 949 manibns
636 874 789 947 Dauidis
806 876 954 970 Quhyte
981 876 1020 946 in
1044 877 1249 950 feudifirmn
1271 902 1323 951 xx
1351 880 1381 952 ἔ.
1433 877 1531 951 Item
1559 882 1605 953 de

260 992 377 1061 orosto
401 989 488 1062 olim
507 987 727 1061 Amfrasonn
744 990 898 1062 nuncin
922 988 1090 1060 manibus
1116 988 1275 1062 Gilberti
1292 990 1441 1084 Kyntor
1456 993 1605 1065 iunioris

259 1123 281 1173 x
311 1107 341 1176 ἔ.
394 1102 444 1175 Et
474 1104 521 1174 de
551 1104 666 1174 erofto
693 1101 781 1173 olim
812 1099 995 1172 Willelmi
1021 1098 1188 1196 Kympty
1212 1125 1311 1175 nunc
1338 1126 1423 1175 vero
1451 1102 1604 1177 Dauidis

259 1213 472 1287 Andersone
489 1213 553 1308 xiij
573 1217 603 1286 ἔ.
622 1213 683 1308 viij
703 1212 739 1285 d.
786 1212 836 1285 Et
854 1214 900 1283 de
917 1212 1043 1284 nroftie
1061 1210 1181 1285 saneto
1200 1213 1321 1287 Marie
1340 1215 1553 1311 Magdnline
1565 1221 1603 1289 in

259 1327 423 1399 manibus
439 1324 577 1397 Thome
596 1325 749 1425 Men3es
766 1320 938 1421 prepofiti
950 1320 1221 1397 Aberdonenfis
1233 1325 1320 1422 xxvj
1339 1330 1369 1399 ἓ.
1384 1327 1445 1423 viij
1463 1327 1499 1400 d.
1553 1329 1603 1402 Et

260 1442 303 1510 de
319 1438 426 1510 terris
444 1450 482 1509 et
499 1439 597 1510 rudis
615 1437 827 1531 quibusdam
845 1438 884 1509 in
911 1436 1078 1531 Enronry
1094 1436 1155 1531 xvj
1175 1439 1205 1509 ἓ.
1229 1462 1254 1508 x
1272 1437 1309 1510 d.
1360 1438 1413 1510 Et
1430 1443 1468 1511 in
1486 1441 1604 1514 Banfe

258 1555 293 1623 in
318 1552 485 1623 manibus
501 1547 679 1623 Johnnnis
705 1550 866 1623 Currour
883 1572 907 1620 x
925 1552 956 1623 ἔ.
1009 1549 1061 1621 Et
1085 1550 1131 1621 de
1154 1551 1302 1624 baronia
1327 1551 1373 1623 de
1391 1551 1601 1649 Collystonn

259 1665 295 1736 xl
316 1666 345 1737 ἔ.

524 1774 676 1847 Summa
776 1831 783 1846 .
887 1814 895 1833 ·
999 1742 1340 1871 vjlib.xrji.xd.

302 2113 334 2188 P
336 2138 384 2188 ΒΟ
401 2136 529 2186 nlsffls
549 2134 814 2192 SEQUEN'I'IBUS
834 2133 1026 2186 FUNDA'I'IS
1044 2134 1250 2186 vlnnnlcnn
1270 2136 1345 2186 PER
1364 2140 1552 2196 QUONDAM
1696 2117 1700 2126 ’

420 2247 686 2299 vnnnnnmnns
707 2248 819 2298 VIROS
839 2248 1001 2306 QUORUM
1020 2248 1172 2299 NOMINA
1191 2249 1449 2306 SEQUUNTUR·

355 2454 557 2525 Dominicis
583 2452 712 2523 diebus
736 2475 800 2545 pro
826 2456 947 2524 anima
970 2448 1131 2547 magistri
1157 2450 1360 2526 Alexandri
1386 2455 1494 2527 Vnus
1513 2459 1599 2528 olim

353 2567 501 2639 reiioris
519 2566 565 2637 de
581 2564 728 2635 Turreff
739 2607 747 2623 ·

306 2680 363 2751 Do
380 2690 477 2751 terra
493 2678 629 2749 domini
646 2676 827 2749 iohannis
844 2676 1012 2749 Fentoun
1031 2679 1069 2747 in
1087 2699 1183 2749 nouo
1196 2678 1329 2794 oppido
1346 2679 1597 2798 tiberdonensr

256 2817 302 2886 xij
322 2818 349 2865 s.

314 3074 319 3091 ,
354 3016 459 3089 Feria
471 3015 628 3089 secunda
645 3036 711 3107 pro
728 3014 850 3085 anima
868 3009 1025 3109 magistri
1044 3014 1191 3086 Ricnrdi
1203 3014 1357 3090 Forbeff
1366 3019 1453 3090 olim
1472 3023 1596 3094 decani

353 3123 625 3203 Aberdonenfis
643 3168 651 3185 ·

304 3242 361 3315 De
378 3253 475 3315 terra
493 3240 645 3313 Dauidis
664 3236 883 3313 Andersone
899 3262 998 3311 nunc
1024 3240 1150 3312 balliui
1169 3242 1437 3317 Aberdonenfis
1463 3247 1549 3343 xviij
1570 3274 1598 3319 s.

353 3470 458 3541 Faria
473 3470 583 3539 tertia
600 3490 664 3560 pro
682 3466 803 3538 anima
820 3465 956 3536 domini
975 3462 1177 3539 Alexandri
1195 3468 1400 3565 Monymell
1418 3471 1504 3542 olim
1522 3498 1598 3545 rec-

351 3582 440 3653 toris
457 3580 503 3650 de
522 3578 661 3651 Forbes
671 3619 680 3638 ·

305 3693 361 3765 De
377 3704 475 3765 terra
492 3690 672 3763 Willelmi
690 3687 866 3763 chesame
883 3712 933 3760 xx
952 3692 980 3762 ἔ.

457 3888 566 3988 feria
583 3926 712 4008 quarta
729 3937 793 4010 pro
811 3918 932 3987 anima
949 3914 1132 3988 Wilielmi
1150 3915 1317 3990 Pantoun
1337 3974 1346 3990 .

304 4030 358 4104 De
375 4040 473 4103 terra
488 4028 616 4101 Jacobi
632 4024 779 4122 Lytstnr
795 4030 944 4100 nuncin
962 4031 1129 4101 manibus
1141 4029 1301 4126 magistri
1311 4032 1336 4101 J
1339 4035 1490 4107 ohannis
1504 4037 1597 4109 Vat-

254 4143 336 4215 sone
352 4166 402 4215 xx
421 4146 450 4216 ἔ.

350 4368 454 4440 Feria
471 4370 600 4461 quinta
611 4390 677 4461 pro
694 4363 987 4461 animamagistri
1005 4367 1175 4461 Symonis
1192 4367 1333 4441 Doddis
1350 4370 1436 4443 olim
1450 4378 1596 4447 reitoris

350 4484 396 4559 de
416 4480 664 4572 Innemoehty
681 4475 781 4550 mifl'a
798 4478 844 4549 de
862 4500 1009 4573 corpore
1027 4476 1158 4551 Christi
1183 4502 1267 4552 cum
1285 4494 1397 4555 nota·

302 4594 395 4667 Item
432 4594 609 4688 imprimis
644 4594 690 4663 de
725 4592 833 4663 domo
857 4594 1029 4664 anteriori
1055 4578 1249 4665 ma'nsronis
1279 4596 1324 4666 de
1351 4596 1596 4697 Innernnchty
