4050 5534
938 579 1245 654 REGISTRUM
1614 585 1767 680 [ancum

585 891 643 964 De
660 887 891 965 conuerfione
908 894 1006 964 chori
1025 893 1069 966 ad
1089 891 1203 966 altare
1220 917 1284 986 per
1301 890 1457 988 singulae
1473 896 1579 968 horas
1598 935 1605 952 ·

419 1101 592 1176 Conuerii
609 1105 655 1176 ad
672 1103 787 1176 altare
812 1112 987 1175 tenentur
1011 1104 1133 1176 clerici
1160 1101 1253 1176 stare
1278 1106 1315 1176 in
1342 1106 1452 1177 choro
1469 1108 1514 1178 ad
1533 1103 1695 1200 vesperae
1721 1129 1766 1177 ex

419 1240 490 1308 quo
517 1217 650 1289 dicitur
670 1213 780 1287 Dnus
797 1234 840 1285 ru
858 1233 1107 1286 anrurouruu
1125 1214 1309 1309 quousque
1332 1217 1526 1310 incipiatur
1542 1219 1659 1312 prima
1675 1220 1768 1290 anti-

418 1328 539 1420 phona
554 1325 659 1422 super
675 1325 828 1421 psalmos
841 1363 850 1382 ·
863 1322 969 1397 simili
987 1349 1131 1420 quoque
1148 1328 1256 1398 modo
1274 1325 1310 1400 se
1327 1327 1486 1400 habeant
1503 1330 1539 1400 in
1558 1329 1767 1423 inceptione

419 1435 609 1510 cuiussibet
625 1439 714 1510 hore
731 1446 771 1509 et
788 1437 1077 1531 quandocunque
1095 1439 1228 1511 dicitur
1246 1459 1387 1513 obortu
1406 1460 1519 1511 rrum
1538 1479 1546 1496 ·
1565 1439 1611 1510 In
1625 1437 1766 1533 respon-

418 1549 518 1643 sorija
536 1573 621 1621 vero
637 1549 827 1622 cantandis
850 1549 1070 1644 generaliter
1087 1547 1296 1621 obsernetur
1313 1552 1407 1643 quod
1432 1547 1568 1624 scilicet
1585 1553 1616 1622 ia
1633 1549 1692 1622 vel
1717 1551 1766 1643 hij

418 1663 480 1756 qui
498 1658 759 1756 responsorium
772 1670 924 1734 cantant
949 1661 1134 1754 quousque
1152 1659 1272 1734 versuo
1290 1683 1431 1734 onoma
1449 1683 1562 1734 rnnnr
1580 1659 1607 1734 sr
1626 1683 1766 1735 ouonrn

419 1794 532 1844 rnrur
567 1774 721 1846 habetur
753 1782 989 1866 percontetur
1022 1769 1113 1845 stare
1147 1783 1322 1846 tenentur
1350 1776 1395 1845 ad
1430 1773 1545 1846 altare
1575 1769 1764 1846 conuersi·

418 1887 548 1958 choma
576 1909 719 1979 quoque
742 1885 782 1956 in
810 1880 919 1978 ipsius
944 1881 1152 1978 responsorij
1184 1887 1390 1979 inceptione
1413 1887 1458 1958 ad
1486 1886 1600 1958 altare
1623 1886 1661 1958 se
1683 1909 1767 1958 eon-

418 2001 531 2070 uertit
548 1994 732 2090 quousque
745 1993 819 2089 ipse
833 1996 962 2066 cherua
976 2005 1100 2067 cantet
1115 2037 1123 2054 ·
1140 1992 1304 2068 similiter
1315 1994 1527 2069 obseruatur
1543 1999 1581 2068 in
1599 1999 1766 2069 omnibus

417 2109 585 2205 capitulis
598 2118 636 2181 et
649 2107 810 2181 colleitia
824 2108 985 2178 dicendis
998 2115 1037 2178 et
1049 2108 1088 2178 in
1101 2107 1173 2179 fine
1187 2109 1349 2178 omnium
1363 2107 1578 2204 hymnorum
1590 2111 1678 2180 etin
1691 2133 1767 2180 om·

417 2222 524 2292 nibus
541 2215 723 2293 versiculis
741 2257 749 2279 ·
768 2216 981 2291 obseruetur
997 2221 1109 2290 etiam
1125 2215 1460 2312 postrrrornrrcnr
1478 2261 1486 2278 ·
1508 2241 1615 2292 nunc
1637 2241 1767 2292 unun-

417 2352 476 2406 rra
492 2343 531 2404 et
549 2350 791 2403 annunrcrua
811 2353 858 2402 ex
884 2353 956 2423 quo
982 2331 1115 2402 dicitur
1136 2349 1277 2401 ouonrn
1304 2350 1416 2401 rnrar
1435 2328 1620 2424 quousque
1647 2341 1765 2403 totum

418 2443 604 2517 seruitium
621 2442 720 2515 illiua
736 2441 825 2513 hore
838 2442 1050 2535 expleatur·
1066 2438 1171 2512 simili
1186 2443 1449 2533 quoquomodo
1463 2439 1766 2536 obserueturpost

418 2557 586 2628 ultimum
597 2551 738 2626 versum
752 2553 870 2624 ultimi
881 2550 1007 2646 psalmi
1019 2549 1209 2624 cuiussibet
1221 2553 1310 2624 hore
1323 2554 1419 2646 quod
1431 2550 1570 2627 scilicet
1581 2555 1711 2626 chorus
1722 2551 1766 2625 iit

417 2667 556 2762 semper
572 2661 765 2738 conuersus
782 2665 828 2736 ad
845 2664 959 2736 alt-are
977 2661 1162 2757 quousque
1180 2661 1440 2756 responsorium
1459 2667 1654 2759 incipiatur
1670 2661 1696 2736 fi
1714 2691 1767 2737 re·

416 2779 635 2874 sponsorium
648 2777 805 2850 habetur
817 2776 875 2847 vel
887 2776 1090 2869 capitulum
1105 2776 1236 2846 dicitur
1250 2815 1258 2832 ·
1271 2771 1436 2848 similiter
1448 2777 1512 2849 fiat
1526 2779 1564 2848 in
1579 2777 1764 2850 laudibus·

417 2891 578 2966 sacerdos
596 2913 681 2963 vero
704 2889 859 2960 dicendo
883 2887 1083 2980 capitulum
1102 2910 1169 2958 nee
1188 2883 1333 2960 stallum
1359 2911 1427 2960 nec
1453 2889 1619 2961 habitum
1646 2901 1766 2962 mutet

415 3002 475 3077 sed
494 3003 647 3076 dicendo
664 3001 710 3073 ad
728 3000 842 3072 altare
859 2996 896 3070 se
913 3008 1105 3072 conuertat
1128 2995 1326 3071 ministerio
1352 3001 1454 3094 pueri
1472 3004 1510 3072 iu
1528 3025 1643 3096 eappa
1665 3003 1766 3098 nigra

415 3118 548 3188 librum
564 3137 648 3186 cum
671 3112 809 3184 lumine
835 3111 1032 3182 deserentia
1049 3120 1089 3182 et
1106 3111 1174 3182 hoc
1191 3107 1331 3204 semper
1348 3109 1562 3184 obseruetur
1579 3115 1624 3185 ad
1643 3137 1767 3186 omnes

416 3226 580 3320 vesperas
602 3236 641 3296 et
666 3224 712 3297 ad
734 3224 934 3294 matutinae
959 3221 1208 3315 principaliter
1233 3223 1270 3293 in
1294 3219 1395 3295 festia
1412 3233 1451 3296 et
1469 3225 1568 3318 serijs
1593 3229 1765 3319 quociens

416 3337 617 3432 capitulum
643 3336 777 3407 dicitur
792 3333 838 3406 ad
856 3329 998 3405 easdem
1018 3373 1026 3390 ·
1045 3334 1141 3404 idem
1162 3331 1373 3405 obseruetur
1390 3337 1428 3406 in
1446 3333 1546 3407 festis
1563 3337 1766 3430 duplicibus

416 3459 571 3542 excepto
587 3447 684 3541 quod
701 3469 792 3540 puer
808 3447 846 3516 in
863 3442 1213 3539 superpelliciorum
1232 3445 1370 3517 lumine
1389 3447 1507 3518 defert
1524 3446 1656 3518 librum
1677 3489 1685 3506 ·
1705 3449 1765 3521 Ad

415 3563 613 3634 matutinas
643 3555 714 3631 stet
748 3558 878 3630 chorus
911 3557 957 3628 ad
992 3555 1107 3630 altare
1142 3554 1335 3628 conuersus
1369 3559 1406 3628 in
1442 3559 1551 3628 inicio
1581 3559 1765 3653 quousque

416 3677 545 3748 ultimo
564 3674 801 3766 reincipiatur
825 3671 1079 3742 inuitatorium
1098 3671 1192 3741 etin
1210 3663 1560 3763 fingulianoitumia
1585 3668 1667 3763 post
1685 3672 1767 3742 vlti-

415 3811 515 3860 mum
534 3783 673 3858 versum
692 3783 810 3855 ultimi
831 3781 958 3877 psalmi
976 3779 1160 3874 quousque
1178 3779 1369 3851 inchoetur
1387 3778 1492 3850 lectio
1510 3821 1518 3838 ·
1538 3782 1583 3852 ad
1609 3805 1768 3875 pronun-

415 3901 604 3972 tiationem
622 3906 747 3968 autem
764 3889 956 3966 cuiussibet
974 3891 1156 3986 euangelij
1169 3891 1213 3962 ad
1232 3889 1347 3984 ipsum
1367 3890 1538 3964 letiorem
1553 3888 1625 3964 stet
1639 3895 1769 3966 chorus

415 4007 608 4083 conuersus
625 4010 712 4079 dum
731 4005 841 4076 verba
863 4003 1043 4098 euangelij
1062 4005 1233 4075 dicuntur
1250 4001 1421 4074 videlicet
1439 3999 1550 4094 vsque
1567 4004 1702 4076 dicitur
1719 4027 1768 4078 nr

415 4141 586 4200 anuloni
603 4159 613 4180 .
632 4118 678 4189 In
690 4118 899 4209 inceptione
916 4125 1039 4186 autern
1053 4113 1108 4186 Tu
1123 4112 1244 4184 Dalm
1257 4107 1328 4183 stet
1341 4113 1472 4185 chorus
1490 4115 1533 4185 ad
1549 4114 1664 4186 altare
1681 4141 1771 4188 con-

415 4233 538 4306 uersus
551 4233 665 4303 donec
679 4229 809 4301 chorus
821 4226 997 4321 psalmum
1011 4231 1136 4298 cantet
1150 4233 1188 4296 et
1202 4225 1287 4294 dum
1304 4224 1453 4296 vitinus
1468 4222 1589 4297 versus
1602 4228 1745 4300 canitur
1758 4273 1767 4286 -

415 4344 661 4438 quandovero
684 4340 740 4412 Tr:
766 4338 887 4411 Duurr
905 4361 978 4408 non
996 4333 1207 4408 dicitursed
1224 4357 1361 4406 nonum
1379 4333 1640 4428 responsorium
1665 4363 1773 4434 repe.

414 4460 506 4529 titur
522 4465 612 4525 tunc
628 4454 673 4526 ad
691 4452 805 4524 altare
822 4457 1014 4522 conuertat
1031 4447 1068 4520 se
1084 4449 1213 4520 chorus
1231 4445 1415 4539 quousque
1437 4449 1634 4542 incipiatur
1650 4453 1772 4543 prima
