4050 5534
432 641 503 717 296
938 593 1244 708 uuul'sruuu
1616 637 1765 734 [arcum

435 832 460 906 J
462 837 602 911 ohanne
616 835 756 929 Fyehet
766 844 854 906 tuuc
865 832 1099 906 uldermanno
1110 833 1195 905 disti
1207 833 1310 930 burgi
1325 874 1333 894 ·
1348 834 1526 908 Villelmo
1540 836 1585 908 de
1595 835 1764 910 Camera-

439 949 637 1022 Luurentio
656 948 721 1043 [de
738 943 854 1040 heth]
874 985 882 1006 ·
900 945 1039 1016 Thomu
1056 943 1224 1041 Spryng·
1245 945 1365 1022 Dauid
1383 987 1392 1006 ·
1411 947 1571 1044 Hugone
1588 949 1634 1020 de
1656 949 1768 1020 Aber-

439 1061 594 1132 bothnot
615 1101 624 1116 ·
645 1057 784 1130 Thomu
805 1057 851 1128 de
871 1055 1010 1128 Dultuu
1031 1093 1040 1114 ·
1061 1054 1182 1129 Adam
1207 1057 1345 1130 Thomu
1370 1097 1379 1118 ·
1402 1059 1570 1132 Johaunu
1594 1059 1768 1134 Heurici·

441 1171 632 1245 Willelmo
649 1172 695 1244 de
712 1169 857 1252 Kentor
869 1207 878 1226 ·
891 1178 930 1240 et
948 1167 1126 1240 Villelmo
1143 1167 1263 1264 Gryno
1280 1193 1362 1242 uum
1381 1169 1597 1268 multisalijs
1615 1213 1623 1230 ·

441 1495 552 1568 Curta
567 1494 743 1567 Johuuuis
760 1493 863 1566 Rode
880 1493 926 1565 de
942 1515 1063 1564 annuo
1080 1493 1200 1564 reditu
1219 1495 1366 1566 vendito
1384 1534 1393 1553 ·

443 1693 639 1798 Omnibus
649 1721 741 1793 hunc
751 1713 1080 1792 curtumvisurisvel
1092 1714 1268 1788 audituris
1278 1717 1463 1791 iohannes
1470 1717 1572 1792 Rede
1583 1719 1682 1793 faber
1693 1721 1771 1791 bur·

440 1830 558 1932 geniis
574 1834 620 1905 de
630 1831 823 1903 Aberden·
839 1871 848 1888 ·
862 1868 871 1886 ·
883 1825 1072 1899 Noueritis
1082 1848 1142 1899 me
1155 1867 1184 1884 ··
1200 1825 1435 1902 ·vendidiffe·
1450 1871 1480 1888 ··
1499 1841 1537 1904 et
1554 1827 1772 1903 confirmasse

442 1945 661 2019 ···J0hanni
672 1941 949 2035 Gieurnulwyng
958 1961 1091 2034 genero
1101 1961 1183 2012 meo
1194 1949 1232 2012 et
1241 1940 1267 2012 J
1269 1953 1377 2014 onete
1391 1938 1513 2036 sponse
1524 1940 1605 2015 sue·
1619 1983 1649 2004 ··
1664 1967 1771 2016 vuum

442 2083 603 2136 uuuuum
620 2055 803 2128 redditum
820 2055 978 2147 quinque
995 2049 1189 2124 solidorum
1207 2050 1338 2126 vsualis
1364 2063 1511 2126 monete
1527 2058 1629 2149 regui
1648 2057 1773 2128 Scocie

443 2174 598 2245 leuando
612 2179 651 2242 et
663 2168 893 2262 percipiendo
903 2165 1090 2238 aunuatim
1103 2165 1149 2236 du
1166 2163 1336 2238 illuterru
1352 2189 1434 2238 meu
1450 2189 1533 2238 eum
1547 2169 1775 2260 pertinentijs

443 2291 585 2358 iacente
598 2284 636 2354 in
647 2282 682 2354 le
692 2279 839 2352 Chekur
848 2277 938 2350 Rau
951 2301 997 2348 ex
1015 2277 1141 2348 boriali
1155 2287 1259 2370 purte
1272 2276 1430 2350 eiusdem
1445 2280 1540 2350 inter
1552 2291 1685 2352 terram
1698 2279 1777 2352 Gil-

443 2399 538 2470 berti
552 2391 673 2470 Vuuff
681 2417 727 2466 ex
739 2401 843 2486 purte
853 2389 1019 2463 orientali
1033 2411 1078 2460 ex
1096 2397 1199 2481 parte
1211 2411 1281 2462 rna
1297 2399 1336 2462 ut
1353 2399 1486 2462 terrum
1500 2390 1646 2463 valteri
1663 2391 1777 2462 Mori·

443 2509 505 2582 son
524 2515 684 2602 exparte
700 2499 845 2576 australi
857 2526 904 2575 ex
918 2509 1021 2595 purte
1031 2499 1146 2572 alteru
1156 2509 1194 2572 et
1205 2523 1415 2574 communes
1429 2505 1502 2574 vius
1515 2505 1630 2598 regius
1644 2512 1718 2575 tum
1730 2528 1776 2576 ex

443 2621 606 2716 partibus
621 2615 747 2690 boriali
765 2637 871 2708 quum
889 2613 1077 2686 occidente
1095 2633 1159 2706 pro
1177 2614 1330 2706 quadarn
1345 2611 1482 2686 summu
1495 2619 1649 2708 pecunie
1669 2639 1778 2709 quum

444 2729 626 2829 prediuus
638 2728 824 2802 Johunues
834 2727 881 2799 de
893 2723 1137 2818 Gienmulyug
1154 2725 1191 2795 in
1209 2733 1372 2819 tempore
1388 2727 1621 2798 consortionis
1638 2726 1780 2822 presen-

445 2846 581 2919 tiumin
593 2842 747 2938 pecunia
757 2835 1485 2930 uumerutubeneetfiduliterperibluebat
1496 2839 1541 2910 du
1551 2841 1779 2933 quaquidenr

445 2957 584 3030 summa
593 2965 702 3028 teneo
712 2975 771 3024 me
782 2951 875 3024 bene
885 2957 1098 3020 contentum
1112 2957 1150 3018 et
1164 2947 1324 3040 plenarie
1336 2948 1570 3042 persolutum·
1581 2991 1589 3010 ·
1601 2989 1610 3007 ·
1622 2951 1666 3022 In
1678 2954 1780 3024 cuius

445 3073 498 3142 rei
515 3065 760 3142 testimonium
777 3065 861 3157 quia
876 3058 1032 3156 iigillum
1043 3060 1224 3153 proprium
1241 3083 1314 3130 nou
1331 3060 1441 3134 hubui
1458 3057 1613 3154 sigillum
1630 3063 1781 3136 honoru-

446 3181 530 3254 bilis
546 3181 612 3252 viri
629 3177 806 3249 Johunuis
822 3173 922 3266 Gruy
939 3166 1124 3266 burgensis
1149 3170 1236 3242 diui
1250 3172 1354 3267 burgi
1373 3195 1443 3244 rua
1460 3197 1542 3245 eum
1569 3171 1684 3271 figillo
1702 3175 1780 3250 Gil-

447 3295 540 3366 berti
560 3285 681 3366 Vuuff
689 3298 777 3360 tunc
794 3286 899 3356 unius
924 3283 1139 3356 bulliuorum
1158 3283 1245 3354 diui
1270 3283 1434 3378 burgiae
1458 3281 1593 3379 suysrne
1614 3288 1778 3359 datorum

448 3405 613 3500 prediffls
629 3399 655 3474 J
657 3398 787 3471 ohunni
801 3397 846 3468 de
864 3393 1110 3490 Glenmulyng
1121 3404 1159 3467 et
1175 3394 1198 3467 J
1202 3406 1311 3467 ouete
1329 3393 1452 3492 sponse
1469 3396 1531 3470 sue
1548 3399 1593 3470 de
1610 3400 1706 3472 diuo
1719 3425 1782 3472 un-

446 3542 521 3592 uuo
548 3514 693 3588 redditu
717 3507 942 3604 presentibus
969 3531 1052 3578 cum
1079 3503 1250 3580 instantia
1270 3509 1401 3602 apponi
1425 3513 1610 3603 procuraui
1639 3551 1647 3570 ·
1670 3511 1781 3606 Apud

449 3629 622 3702 Aberdeu
645 3618 812 3696 vieesrmo
844 3620 903 3692 die
928 3615 1061 3691 mensu
1084 3617 1304 3692 Nouembris
1331 3643 1425 3692 anno
1455 3625 1570 3714 gratie
1593 3621 1783 3697 millesimo

449 3731 799 3836 quadringentesimo
824 3728 1116 3825 quinquagefimo
1147 3753 1265 3802 corum
1293 3730 1362 3823 hijs
1392 3729 1542 3804 testibus
1569 3731 1730 3808 Heurieo
1748 3737 1785 3809 le

450 3855 608 3924 Wiutou
618 3891 627 3910 ·
639 3847 760 3920 Dauid
771 3845 880 3916 fratre
894 3842 1034 3914 Matirei
1045 3880 1053 3900 ·
1065 3841 1091 3913 J
1092 3842 1233 3914 ohanne
1245 3841 1406 3938 Gillespy
1417 3885 1425 3904 ·
1437 3842 1461 3915 J
1464 3845 1604 3920 ohanne
1616 3847 1785 3944 Nachty·

450 3964 641 4039 Willelmo
658 3960 704 4031 de
718 3958 845 4030 Roone
862 3995 871 4012 ·
890 3953 1054 4027 Gulfrido
1078 3953 1229 4049 Durnug
1246 3991 1255 4012 ·
1273 3953 1483 4026 Alexandro
1501 3957 1546 4030 du
1565 3957 1712 4056 Videny
1724 4002 1734 4018 ·
1747 3972 1786 4034 et

450 4076 640 4174 Nycholuo
658 4071 783 4167 Dukyr
801 4078 888 4140 tunc
905 4066 1099 4162 sergeundo
1116 4089 1198 4139 cum
1216 4067 1341 4138 multis
1359 4091 1400 4140 au
1417 4066 1564 4142 diuerfis
1580 4071 1683 4165 alijs·
