4050 5534
268 619 376 716 nna]
733 616 1135 694 ABERDONENSE.
1529 626 1599 700 269

270 832 426 928 Berwyk
443 873 451 890 ·
469 831 636 905 iohanne
662 841 701 904 et
727 831 895 905 Johanne
923 842 962 904 et
984 830 1094 904 Petro
1123 831 1261 904 clericis
1291 833 1428 905 domini
1445 832 1594 908 Andree

270 941 495 1018 Moranenfis
511 941 665 1038 episcopi
681 944 903 1018 ·Gilleberto
919 941 1110 1016 senescallo
1137 943 1183 1016 de
1201 942 1386 1017 Vrebard·
1403 944 1595 1040 Radnlpho

270 1057 499 1130 Camerario·
526 1055 685 1152 Symone
709 1057 755 1129 de
779 1054 940 1150 Orreby·
958 1052 1163 1150 Augustino
1180 1054 1263 1152 Syg'
1288 1066 1326 1129 et
1342 1055 1421 1150 alijs
1436 1095 1446 1113 ·
1463 1057 1599 1130 neum

269 1193 363 1242 anno
391 1171 511 1265 gracie
543 1164 732 1240 millesimo
765 1163 1008 1240 ducentesimo
1040 1162 1217 1240 tricesimo
1258 1169 1366 1242 tertio
1413 1181 1451 1243 et
1488 1175 1599 1245 tertio

272 1281 428 1376 Marcij·
1322 1287 1326 1310 ¹

269 1621 378 1694 Carta
394 1621 592 1694 Alexandri
609 1622 702 1716 regis
720 1619 805 1691 data
820 1618 990 1690 fratribus
1006 1619 1140 1691 milicie
1166 1621 1294 1714 templi
1312 1619 1513 1696 Salomonis
1532 1665 1540 1681 ·

270 1825 493 1922 Alexander
509 1847 567 1918 dei
583 1845 698 1942 gratia
714 1867 778 1915 rex
796 1840 1005 1916 Scottorum
1022 1841 1194 1938 episcopis
1218 1843 1410 1921 abbatibus
1425 1853 1600 1944 prioribus

268 1962 459 2034 comitibus
475 1960 667 2032 baronibus
682 1953 881 2050 iusticiarijs
897 1956 1169 2028 vicecomitibus
1186 1956 1354 2031 ministris
1371 1971 1410 2033 et
1432 1965 1598 2037 omnibns

268 2074 410 2146 balliuis
423 2083 462 2145 et
473 2071 640 2143 fidelibus
652 2068 724 2141 snio
736 2066 888 2140 salntem
905 2107 914 2125 ·
929 2065 1118 2140 Noueritis
1130 2091 1195 2140 nos
1208 2068 1410 2144 eonceffiffe
1423 2083 1461 2145 et
1474 2076 1601 2148 confir-

267 2181 376 2259 masse
394 2184 473 2256 Deo
498 2193 537 2254 et
560 2183 668 2254 beate
685 2180 804 2252 Marie
828 2187 867 2250 et
891 2175 1067 2251 fratribus
1086 2180 1219 2253 milicie
1244 2183 1372 2277 templi
1399 2185 1600 2262 Salomonis

268 2319 393 2369 omnes
410 2296 621 2368 donationes
637 2305 814 2366 terrarum
829 2293 1017 2363 homiuum
1029 2300 1067 2364 et
1085 2287 1356 2366 elemosinarum
1375 2299 1426 2368 eis
1443 2323 1464 2370 a
1473 2301 1601 2393 prede·

267 2405 457 2482 cefforibus
473 2401 602 2478 nostris
619 2405 676 2477 vel
693 2406 739 2477 ab
755 2403 835 2500 alijs
851 2405 889 2475 in
901 2406 1076 2497 preterito
1087 2405 1145 2490 vel
1156 2407 1194 2477 in
1204 2406 1326 2478 futuro
1341 2408 1399 2480 vel
1411 2433 1434 2482 a
1446 2412 1549 2484 nobis
1562 2417 1600 2486 in

266 2517 422 2616 presenti
436 2519 493 2590 vel
507 2520 543 2590 in
555 2519 679 2589 futuro
691 2540 713 2590 a
725 2517 869 2612 regibus
882 2515 998 2588 velex
1016 2515 1166 2589 aliorum
1179 2517 1397 2593 liberalitate
1415 2523 1600 2597 conferen-

266 2634 330 2706 das
346 2632 405 2704 vel
422 2632 492 2704 alio
516 2632 623 2702 modo
639 2625 827 2723 acquisitas
843 2627 903 2699 uel
919 2628 1155 2720 adquirendae
1173 2640 1247 2701 tam
1264 2633 1303 2702 in
1320 2630 1476 2728 ecclefijs
1494 2658 1600 2729 quam

266 2748 306 2818 ln
322 2747 429 2818 rebus
441 2755 480 2816 et
492 2738 758 2838 possessionibus
768 2741 981 2813 mundanis·
1000 2739 1121 2826 Quare
1133 2741 1298 2816 volumus
1311 2753 1349 2816 et
1361 2745 1511 2819 firmiter
1521 2773 1602 2843 pre·

267 2860 419 2952 cipimus
429 2856 524 2948 qnod
542 2855 690 2949 predidoi
703 2854 832 2926 fratres
847 2861 886 2925 et
903 2875 1027 2925 eorum
1044 2854 1207 2926 homines
1232 2850 1456 2949 polseffiones
1473 2870 1512 2931 et
1529 2862 1601 2934 ele-

268 2963 420 3040 mosruas
433 2966 512 3054 suae
529 2966 685 3038 babeant
698 2975 737 3037 et
749 2973 900 3037 teneant
912 2988 996 3036 cum
1007 2967 1173 3039 omnibus
1185 2967 1414 3042 libertatibus
1430 2979 1468 3042 et
1479 2971 1600 3046 liberis

267 3079 585 3152 consuetudinibus
610 3085 648 3150 et
665 3078 880 3172 quietancijs
895 3074 967 3149 suis
991 3078 1157 3151 inbosco
1182 3090 1221 3152 et
1237 3080 1345 3174 plano
1363 3082 1401 3153 in
1425 3087 1537 3177 pratis
1562 3098 1600 3160 et

267 3189 418 3287 pasturis
435 3193 472 3262 in
485 3192 587 3283 aquis
602 3189 818 3260 molendinis
834 3185 970 3264 semitis
987 3199 1027 3262 et
1043 3191 1110 3284 vijs
1127 3197 1165 3264 et
1190 3189 1324 3287 stagnis
1340 3202 1378 3264 et
1403 3196 1546 3290 vinarijs
1563 3202 1600 3271 in

267 3300 424 3398 maresrjs
440 3313 479 3374 et
494 3299 651 3398 piscarijs
676 3304 714 3372 in
730 3303 887 3397 grangijs
904 3311 943 3373 et
969 3302 1136 3398 virgultis
1153 3305 1245 3376 infra
1261 3305 1416 3401 burgum
1441 3317 1480 3379 et
1497 3320 1601 3384 extro

267 3439 349 3490 cum
362 3412 464 3487 socca
479 3424 518 3487 et
529 3411 629 3486 sacca
645 3423 683 3485 et
695 3411 762 3485 toll
779 3422 818 3484 et
830 3415 931 3487 them
949 3423 990 3486 at
1008 3415 1305 3512 infnngandtbese
1318 3419 1601 3518 girtlrebrekyng

268 3529 396 3622 flemyn
399 3527 496 3623 grith
510 3526 665 3598 murthir
675 3533 714 3597 et
727 3523 916 3597 latrocinio
929 3533 968 3596 et
977 3524 1194 3599 forsemento
1206 3528 1299 3600 infra
1310 3539 1452 3624 tempus
1465 3530 1602 3628 respec-

267 3642 344 3712 tiue
361 3649 399 3711 et
426 3640 462 3709 in
481 3639 647 3710 omnibus
664 3637 753 3709 locis
769 3645 808 3708 et
824 3659 907 3708 cnm
933 3638 1100 3710 omnibus
1117 3637 1229 3712 caufis
1255 3662 1324 3733 qne
1348 3640 1430 3714 sunt
1457 3643 1601 3719 velasse

160 3821 171 3843 x
268 3747 435 3846 possunt·
460 3749 700 3823 concedimus
717 3749 828 3821 etiam
844 3750 883 3820 in
899 3758 1115 3843 perpetuum
1132 3752 1228 3844 quod
1252 3754 1402 3846 prediiti
1419 3755 1547 3830 fratrea
1565 3769 1602 3830 et

268 3887 393 3936 eorum
418 3863 583 3934 homines
599 3861 713 3954 quieti
731 3855 802 3931 fint
819 3860 864 3932 de
888 3859 1137 3957 misericordijs
1154 3872 1193 3934 et
1217 3864 1314 3956 quod
1333 3861 1398 3959 ipsi
1416 3877 1455 3938 et
1479 3891 1603 3942 omnes

269 3966 432 4048 homines
448 3972 501 4045 sui
526 3973 629 4046 liberi
654 3968 726 4045 srnt
751 3972 797 4045 ab
822 3975 921 4045 omni
937 3971 1053 4045 scotto
1070 3984 1109 4047 et
1132 3974 1230 4070 gildo
1256 3986 1295 4047 et
1320 3979 1485 4051 omnibus
1502 3983 1604 4052 auxi-

268 4089 326 4184 lija
336 4109 462 4183 regum
476 4093 514 4158 et
527 4086 780 4158 vicecomitum
794 4093 832 4156 et
846 4087 1007 4156 omnium
1018 4082 1261 4159 ministrorum
1274 4110 1395 4160 eornm
1410 4099 1448 4162 et
1461 4114 1603 4186 wapyn-

270 4199 359 4272 thak
376 4209 415 4270 et
432 4182 650 4270 exercitibus
666 4197 810 4291 placitis
826 4206 864 4270 et
885 4197 1041 4290 querelis
1067 4197 1185 4269 warda
1202 4207 1240 4270 et
1257 4199 1394 4272 releuio
1411 4213 1449 4274 et
1466 4204 1512 4276 de
1529 4228 1605 4277 om-

271 4312 377 4384 nibus
389 4310 557 4403 operibns
568 4305 796 4382 castellorum
808 4332 995 4404 porcorum
1009 4310 1175 4402 pontium
1192 4308 1433 4385 clausuramm
1451 4325 1489 4388 et
1506 4321 1604 4389 omni

271 4424 424 4520 cariagio
441 4419 638 4518 summogio
654 4431 693 4494 et
711 4423 857 4518 nauigio
878 4432 917 4494 et
937 4421 1110 4494 domnum
1133 4421 1305 4517 regalium
1324 4424 1549 4500 edificatione
1566 4439 1604 4502 et
