4050 5534
250 645 349 740 xvi]
719 644 1126 719 Anuuuouunsu.
1530 659 1595 724 101

247 953 535 1029 Constitutiones
551 959 741 1030 reuerendi
754 959 867 1051 patris
882 956 1065 1028 Willelmi
1078 954 1320 1052 Elphinstouu
1332 959 1596 1034 Abberdonen-

247 1063 292 1138 sis
304 1065 462 1163 episcopi
478 1069 577 1141 edite
591 1071 629 1140 in
641 1068 801 1163 cupitnlo
812 1068 875 1141 sno
885 1069 1047 1163 generali
1058 1078 1164 1140 tento
1178 1071 1313 1142 ibidem
1327 1069 1481 1166 septimo
1494 1097 1596 1146 meu-

246 1175 292 1250 sis
308 1177 401 1273 Maij
418 1204 515 1252 auno
532 1180 682 1252 Domini
707 1178 901 1253 millesimo
918 1183 1205 1275 quingentesimo
1223 1181 1327 1254 sexto
1346 1184 1391 1255 de
1409 1191 1593 1258 communi

246 1289 417 1364 consensu
435 1293 562 1365 decani
580 1303 619 1364 et
636 1295 892 1365 canonicorum
911 1294 996 1365 didi
1023 1292 1174 1386 capituli
1192 1291 1309 1366 suiad
1327 1293 1593 1390 infrascriptum

246 1404 500 1497 exequendum
525 1401 729 1498 specialiter
754 1413 1056 1500 congregatorum
1083 1407 1220 1476 vocatis
1247 1408 1417 1479 vocandis
1444 1417 1483 1480 et
1500 1411 1594 1480 inte-

245 1513 332 1587 resse
348 1516 569 1588 habentibus
585 1516 631 1588 ad
650 1516 824 1588 honorem
842 1525 881 1586 et
898 1515 1046 1587 laudem
1064 1515 1136 1589 Dei
1155 1513 1380 1610 sequuntur·
1510 1575 1514 1582 ,

248 1715 300 1812 In
313 1741 440 1835 primis
452 1737 580 1812 statuit
597 1750 637 1812 et
654 1739 836 1810 ordinauit
854 1739 1053 1809 inherendo
1073 1737 1395 1812 constitutionibus
1408 1745 1593 1835 predeces-

244 1850 362 1924 sorum
383 1849 528 1924 suorum
555 1849 689 1944 absque
715 1851 953 1922 innonatione
979 1851 1176 1922 earundem
1203 1874 1268 1944 pro
1294 1858 1592 1948 augmentatione

245 1965 364 2036 cultus
381 1965 497 2036 diuini
513 1964 553 2034 in
570 1963 666 2034 dica
690 1958 842 2034 ecolefia
859 1971 897 2033 et
914 1984 980 2054 pro
1005 1961 1169 2034 cedande
1194 1971 1232 2033 et
1253 1966 1503 2059 extinguenda
1526 1969 1591 2040 lite

244 2075 305 2148 seu
321 2073 567 2149 controuersia
591 2074 679 2148 alias
696 2074 832 2146 iamdiu
849 2068 998 2167 singulis
1016 2073 1121 2144 aunis
1146 2075 1361 2146 continuata
1385 2077 1482 2148 inter
1502 2102 1592 2150 non-

247 2188 366 2261 nullos
392 2191 477 2260 dicti
503 2187 653 2282 capituli
678 2184 733 2257 sui
758 2186 951 2258 canonicos
974 2184 1020 2256 de
1044 2194 1083 2256 et
1107 2183 1213 2278 super
1238 2185 1419 2258 locatione
1444 2200 1482 2261 ct
1508 2214 1592 2262 con-

245 2302 414 2373 ductione
439 2301 678 2374 vicheriornm
702 2299 803 2370 chori
828 2294 987 2368 eiusdem
1014 2292 1163 2369 ecelefie
1190 2340 1199 2356 ·
1225 2298 1332 2382 Quod
1351 2301 1396 2371 de
1414 2311 1536 2372 cetero
1554 2305 1591 2374 in

245 2413 340 2484 dica
355 2410 420 2484 sna
435 2408 586 2484 ecclefia
610 2407 682 2482 sint
708 2410 839 2504 viginti
864 2408 986 2500 vicarij
1005 2409 1105 2480 chori
1123 2411 1161 2478 in
1178 2407 1377 2482 sacerdotio
1403 2411 1592 2486 constituti

245 2529 281 2596 in
297 2536 410 2599 centu
427 2524 652 2619 Gregoriano
670 2522 715 2594 ad
733 2523 854 2592 minus
879 2516 1041 2592 instrusti
1062 2520 1195 2591 diuinis
1221 2521 1347 2593 officiis
1364 2526 1528 2614 qnotidie
1554 2530 1591 2598 in

246 2639 371 2710 eadem
389 2637 585 2729 mancipati
604 2673 613 2692 ·
632 2635 704 2706 duo
721 2633 863 2704 diaconi
881 2673 890 2689 ·
905 2633 977 2703 duo
995 2630 1231 2703 subdiaconi·
1251 2634 1323 2704 duo
1340 2637 1484 2708 accoliti
1503 2677 1511 2696 ·
1531 2637 1592 2710 sex

245 2753 343 2842 pueri
361 2773 446 2822 cum
473 2745 646 2820 sacmstn·
673 2747 736 2839 qui
759 2740 907 2839 siugulis
932 2744 1029 2815 horis
1054 2740 1254 2816 secundum
1280 2755 1445 2818 tenorem
1464 2747 1594 2822 consti-

246 2865 429 2934 tutionum
453 2861 542 2933 alias
566 2883 632 2953 per
656 2835 739 2929 suo's
763 2852 1024 2950 predecessores
1051 2857 1231 2928 editarum
1255 2858 1293 2926 iu
1311 2859 1497 2932 habitibus
1522 2861 1592 2932 suis

245 2971 402 3047 honestis
427 2975 533 3044 iuxta
561 2971 735 3064 temporis
762 2969 987 3062 exigentiam
1017 2967 1126 3040 choro
1161 2965 1328 3040 interesse
1364 2971 1499 3043 debent
1526 2972 1591 3044 sub

245 3109 337 3178 pena
361 3085 401 3156 in
425 3081 561 3156 eisdem
586 3078 733 3153 statutis
757 3089 957 3152 contenta·
976 3078 1074 3150 Item
1101 3088 1141 3150 vt
1167 3077 1254 3152 dicti
1281 3081 1402 3174 vicarij
1421 3077 1496 3154 srue
1513 3106 1593 3176 per-

245 3199 347 3290 petui
364 3193 439 3269 siue
457 3193 673 3285 condut'ticij
700 3193 838 3263 fuerint
855 3213 899 3262 eo
916 3190 1066 3262 liberius
1084 3191 1386 3285 contemplationi
1404 3203 1443 3264 et
1460 3196 1592 3266 diuinis

246 3310 369 3381 officiis
388 3319 428 3380 vt
444 3307 611 3401 superius
630 3305 788 3376 relatum
805 3300 858 3375 est
875 3304 1067 3374 intendere
1087 3302 1233 3374 valeant
1251 3343 1259 3360 ·
1279 3300 1407 3376 statuit
1435 3316 1473 3378 et
1499 3309 1593 3378 ordi-

245 3424 347 3495 nanit
363 3422 460 3513 quod
479 3419 633 3512 quilibet
650 3417 804 3488 vicarius
830 3415 948 3486 decim
966 3414 1076 3486 libras
1093 3415 1139 3486 ad
1157 3416 1278 3486 minus
1304 3439 1368 3509 pro
1386 3415 1449 3489 suo
1467 3417 1591 3492 salario

244 3536 290 3606 de
307 3531 483 3606 facultate
495 3530 751 3602 canonicorum
764 3525 916 3621 capituli
933 3523 985 3596 sni
1004 3527 1177 3598 antedicti
1191 3538 1232 3598 vt
1245 3525 1406 3621 superins
1424 3539 1590 3602 taxatum

243 3643 298 3718 est
312 3641 463 3740 siugulis
480 3643 583 3715 annis
608 3641 811 3734 perciperet
829 3661 901 3710 vna
916 3662 1000 3710 cum
1020 3640 1228 3710 communia
1244 3637 1349 3711 solita
1366 3650 1404 3711 et
1422 3641 1592 3716 consueta

244 3783 287 3830 ac
303 3757 432 3829 babitu
456 3748 605 3825 honesto
622 3753 660 3822 in
679 3753 831 3822 introitu
848 3752 1026 3821 ditiorum
1053 3751 1267 3821 vicariorum
1286 3792 1295 3808 ·
1315 3753 1486 3826 diaconus
1512 3758 1591 3826 octo

243 3869 355 3942 libras
372 3907 381 3925 ·
398 3865 638 3938 subdiaconus
663 3859 725 3934 sex
743 3863 853 3934 libras
870 3863 933 3954 xiij
958 3863 993 3932 il.
1024 3869 1063 3932 et
1094 3863 1144 3955 iiij
1177 3858 1212 3933 d.
1239 3863 1413 3935 accolitus
1438 3877 1594 3958 quatuor

244 3982 354 4054 libres
379 4017 389 4036 ·
409 3977 564 4072 quilibet
584 3997 777 4070 puerorum
803 3973 855 4066 liij
874 3975 907 4044 il.
924 3975 975 4066 iiij
994 3969 1031 4044 d.
1058 4013 1066 4030 ·
1093 3970 1236 4046 sacriste
1261 3976 1378 4047 decim
1397 3975 1506 4050 libras
1524 3980 1593 4051 sol·

244 4094 384 4165 nendos
400 4087 535 4162 eisdem
552 4089 597 4161 ed
615 4095 771 4179 quatuor
795 4087 881 4158 anni
898 4086 1075 4157 terminos
1100 4082 1298 4158 secuudum
1316 4097 1480 4160 tenorem
1499 4091 1593 4163 loca-

243 4207 356 4278 tionis
372 4201 584 4275 eorumdem
602 4241 610 4257 ·

246 4317 389 4412 [Quem
405 4314 552 4406 quidem
577 4333 770 4382 numerum
788 4310 1003 4381 vicariorum
1027 4310 1247 4381 reuerendus
1264 4311 1303 4381 in
1326 4309 1468 4383 Christo
1491 4323 1594 4405 pater

243 4453 286 4502 ac
312 4429 483 4499 dominus
507 4424 675 4496 dominus
701 4421 875 4494 Gawinus
892 4419 1048 4493 Duubar
1072 4421 1196 4493 diuina
1213 4421 1443 4496 miseratione
1461 4424 1596 4498 Abbir-

243 4535 414 4614 donensis
427 4533 612 4631 episcopus
625 4534 821 4606 ratificauit
833 4543 872 4604 et
885 4532 1101 4626 approbauit
1115 4542 1154 4605 et
1167 4528 1315 4629 singulis
1332 4534 1436 4608 dictis
1453 4538 1594 4632 vicarijs
