4050 5534
228 677 332 774 xvc]
697 672 1102 753 ABERDONENSE.
1501 695 1570 762 311

229 879 353 951 obitus
370 877 457 949 dici
474 877 611 949 domini
628 875 783 971 episcopi
801 899 867 971 pro
884 879 1005 950 anima
1021 876 1180 951 eiusdem
1197 917 1205 935 ·
1224 879 1269 951 In
1287 884 1388 957 cuins
1405 887 1456 956 rei
1474 884 1574 959 testi-

228 992 393 1062 inonium
409 990 495 1062 hnic
511 988 670 1084 presenti
688 988 820 1083 scripto
839 987 1018 1084 signetnm
1036 987 1197 1063 nostrum
1214 1012 1285 1066 vna
1302 1017 1384 1067 cnm
1401 993 1574 1091 subscrip-

230 1106 332 1175 tione
348 1102 509 1175 manuali
526 1100 755 1195 apposuimus
770 1103 869 1196 apud
884 1100 1097 1197 Edinbnrgh
1110 1104 1170 1197 xvj
1185 1104 1244 1177 die
1261 1104 1392 1179 mensio
1409 1108 1573 1183 Nouam-

222 1215 358 1287 briain
383 1238 480 1289 anno
497 1211 622 1287 solutis
646 1210 837 1287 millesimo
860 1211 1149 1310 quingentesimo
1175 1228 1304 1310 quarto
1322 1218 1487 1292 decimo·
1509 1225 1571 1295 Sic
1716 1298 1717 1303 ,

224 1326 455 1400 subscribitur
471 1367 479 1383 ·
497 1326 683 1400 lohannes
710 1327 807 1420 prior
830 1324 941 1397 sandei
967 1326 1117 1399 Andree
1143 1350 1186 1400 ac
1213 1330 1366 1403 vicarius
1390 1334 1568 1449 generalia

225 1439 383 1514 eiusdem
401 1480 410 1497 ·

225 1664 501 1762 [Tciimficfflt
514 1656 1082 1762 applicofflscprndidlacsummoe
1105 1662 1239 1763 compro
1255 1666 1484 1759 Aberdoncnst
1511 1673 1569 1743 coi

222 1776 527 1874 ncsobriccpcniia
543 1775 585 1849 de
601 1774 799 1849 Dceomcic
805 1776 882 1873 suo
896 1774 1104 1869 banoscum
1120 1786 1227 1853 merto
1246 1788 1277 1851 el
1294 1802 1436 1875 empore
1452 1806 1566 1857 eornm

221 1890 354 1961 muno
365 1898 398 1963 ct
409 1886 677 1988 efleclepauir
688 1886 888 1987 qucstcpala
904 1886 1113 1985 censcimtrjr
1128 1887 1394 1985 dyrrduenriom
1414 1903 1445 1967 ct
1455 1918 1565 1991 accep-

221 2004 364 2075 nucum
374 1999 567 2099 buizcsmodi
573 2000 750 2097 pecuniam
768 1998 1002 2093 relinquuntur
1011 1997 1041 2092 ·]

223 2226 302 2323 Ego
318 2229 431 2301 frater
454 2224 640 2299 Jobannea
656 2222 863 2299 Adamsone
888 2226 1120 2319 prouincialia
1145 2227 1296 2299 fratrum
1324 2231 1458 2303 ordinis
1485 2257 1562 2326 pre·

222 2341 423 2413 dicatorum
448 2341 565 2411 fateor
588 2361 648 2410 me
672 2333 841 2431 recepisse
865 2360 887 2409 a
912 2338 1109 2409 venerabili
1136 2340 1213 2410 viro
1241 2338 1409 2435 magistro
1426 2343 1562 2417 Thema

223 2452 397 2547 Myrtoae
413 2452 662 2525 archidiacono
679 2446 938 2521 Aberdonensc
954 2446 1131 2521 summam
1157 2452 1412 2547 quadringinta
1428 2478 1563 2529 merca-

221 2588 302 2637 rnm
331 2568 369 2636 in
405 2564 620 2657 quaquidem
645 2558 786 2633 summa
811 2570 916 2633 erant
944 2560 1069 2633 decem
1102 2563 1225 2635 ducati
1256 2565 1409 2656 quilibet
1439 2569 1562 2641 valens

222 2679 348 2750 decem
366 2678 516 2748 ducatos
528 2696 738 2747 communes
755 2684 794 2745 et
810 2674 882 2744 duo
900 2672 1024 2745 ducati
1042 2672 1194 2765 quilibet
1209 2676 1331 2749 valens
1350 2678 1438 2750 duos
1455 2680 1563 2753 duca·

221 2801 279 2861 tos
303 2810 520 2863 communes·
542 2797 580 2860 et
608 2810 721 2859 vuum
746 2786 782 2879 ly
808 2784 925 2879 Ryole
954 2784 1174 2879 gallicanum
1201 2788 1324 2861 valens
1350 2814 1401 2861 xx
1436 2793 1465 2865 ἓ.
1493 2817 1563 2866 vna

221 2923 304 2973 cum
330 2900 486 2994 quodam
502 2896 643 2971 falsario
660 2910 832 2991 argenteo
858 2897 1026 2990 ponderis
1044 2898 1218 2971 tredecim
1238 2922 1431 2981 vncenrum
1454 2929 1563 2998 qnam

221 3014 368 3106 quidem
380 3008 557 3083 summam
568 3011 687 3103 recepi
697 3009 744 3081 ab
756 3010 885 3080 eodem
898 3009 1149 3083 archidiacono
1163 3034 1227 3105 pro
1242 3012 1470 3089 edificatione
1478 3040 1563 3089 con·

222 3138 355 3197 uentus
368 3124 472 3197 nobie
483 3125 520 3194 in
534 3122 668 3195 sancto
681 3120 832 3193 Andron
844 3143 908 3214 pro
919 3123 1041 3193 anima
1053 3124 1112 3215 pie
1130 3126 1304 3196 memorie
1318 3130 1507 3201 reuerendi
1524 3134 1562 3203 in

224 3234 369 3316 Christo
388 3238 500 3331 patria
525 3236 660 3307 domini
679 3230 861 3305 Willclmi
880 3230 1096 3327 Elpbinston
1121 3232 1276 3329 episcopi
1293 3236 1562 3315 Aberdonenfis
1683 3234 1687 3257 '

224 3361 261 3422 ct
290 3362 459 3422 tenemur
485 3370 550 3441 pro
578 3347 699 3419 anima
727 3344 885 3417 eiusdem
913 3347 1050 3419 domini
1074 3344 1229 3440 episcopi
1255 3347 1437 3424 celebrare
1453 3374 1561 3427 ruam

225 3462 441 3534 cotidianam
469 3454 606 3531 millam
636 3459 674 3529 in
702 3468 887 3560 conuentu
914 3454 1179 3553 Edinburgensr
1210 3460 1269 3531 vbi
1304 3459 1444 3555 sepulta
1479 3463 1561 3538 sunt

224 3574 355 3647 viscera
371 3570 531 3645 ciusdem
547 3572 683 3642 domini
711 3594 795 3641 cum
813 3594 884 3642 vno
909 3569 1151 3643 anniuersario
1168 3573 1204 3643 in
1223 3574 1351 3645 eodem
1378 3592 1561 3653 conuentu

224 3688 349 3761 etalio
373 3682 614 3760 anniuersario
630 3684 668 3753 in
686 3693 871 3755 conuentu
889 3683 1012 3757 Sansti
1029 3682 1177 3755 Andree
1196 3693 1235 3754 vt
1252 3682 1362 3759 latius
1379 3688 1417 3763 iu
1434 3690 1562 3763 sunda·

224 3803 324 3873 tione
333 3796 484 3894 desuper
491 3796 654 3869 consede
666 3796 891 3868 continetur·
905 3792 999 3868 teste
1010 3818 1121 3867 manu
1133 3799 1277 3890 propria
1287 3797 1560 3892 apudScnaum

224 3914 409 3987 Andream
442 3907 594 4003 septimo
623 3906 712 3999 Julij
739 3929 835 3979 anno
863 3907 1012 3979 Domini
1046 3902 1237 3979 millesimo
1273 3910 1559 4007 quingentesimo

223 4027 350 4117 quinto
366 4025 531 4097 decimo·
548 4020 611 4093 Sic
627 4017 884 4092 subscribitur·
903 4019 1031 4093 Frater
1045 4018 1069 4089 J
1071 4018 1231 4094 ohannes
1248 4019 1432 4096 Adamson
1450 4048 1559 4101 manu

223 4140 365 4232 propria
380 4176 390 4197 ·

223 4444 424 4547 Vniuerfic
439 4470 560 4545 sande
577 4473 703 4543 matria
719 4465 868 4543 ecclesie
890 4469 1058 4543 fidelibus
1076 4470 1121 4541 ad
1139 4492 1293 4563 qnorum
1315 4476 1463 4549 notitias
1480 4502 1561 4573 pre-

224 4585 302 4660 sena
335 4584 510 4681 scriptum
543 4585 750 4678 peruenerit
784 4583 895 4655 frater
927 4583 1114 4655 Jobannea
1148 4582 1354 4659 Adamsone
1392 4590 1429 4660 in
1462 4589 1562 4667 sacra
