4050 5534
291 662 373 758 η]
757 660 1164 737 snnnnounusn.

761 973 950 1068 Capeliani
967 975 1134 1068 perpetui
1152 1016 1161 1031 ·

290 1198 331 1270 In
355 1200 483 1293 primis
499 1199 545 1270 dc
561 1197 768 1290 Galqulrole
784 1220 810 1270 x
827 1220 948 1270 maroc
965 1197 1027 1268 vni
1053 1196 1241 1291 capellano
1266 1220 1331 1293 pro
1357 1201 1478 1273 anima
1495 1201 1632 1275 domini

289 1310 406 1382 Dauid
423 1312 519 1406 regis
535 1309 661 1382 Scotie
678 1305 828 1380 illustria
845 1349 853 1366 ·

288 1421 344 1494 Do
378 1422 483 1517 Logy
511 1425 550 1494 in
585 1421 687 1494 Marr
716 1444 742 1492 x
768 1442 890 1493 marce
918 1420 982 1491 vni
1016 1420 1203 1514 capellano
1237 1442 1303 1515 pro
1336 1425 1456 1496 anima
1490 1429 1632 1500 comitis

286 1534 482 1606 Duncani·

285 1645 344 1719 De
360 1645 570 1740 Kyldrnmy
587 1669 613 1716 x
629 1667 752 1716 marce
768 1667 834 1737 pro
852 1644 974 1716 anima
989 1641 1128 1716 Thome
1146 1645 1289 1716 comitis
1307 1645 1354 1717 dc
1372 1645 1475 1718 Marr
1493 1689 1500 1704 ·

286 1757 344 1830 De
361 1757 475 1851 Falay
490 1757 525 1849 vj
544 1756 635 1828 libre
652 1779 717 1849 pro
734 1757 856 1826 anima
872 1753 956 1826 Ade
974 1755 1120 1850 Pyngill
1138 1796 1146 1812 ·

286 1867 343 1941 De
358 1866 526 1963 hospitali
552 1869 649 1940 beati
668 1867 770 1938 Petri
795 1889 907 1959 propo
923 1865 1122 1940 Aberdene
1139 1868 1292 1940 fundato
1309 1853 1373 1962 per
1390 1875 1631 1946 reuerendum

285 1991 426 2076 patrem
445 1982 485 2052 in
501 1977 644 2054 Christo
669 1989 709 2051 et
734 1979 922 2051 dominum
948 1979 1136 2051 dominum
1155 1978 1358 2052 Henricum
1378 1982 1423 2053 de
1442 1981 1631 2077 Lychtonc

286 2115 349 2185 pro
381 2091 419 2164 sc
452 2087 731 2164 antecessoribus
768 2101 809 2164 et
846 2087 1101 2164 successoribus
1139 2088 1210 2162 suis
1245 2115 1297 2162 xx
1331 2115 1452 2165 marco
1491 2097 1631 2169 duobus

286 2205 505 2300 capellanis·

287 2427 403 2523 [Item
421 2429 493 2499 duo
510 2426 687 2521 capellani
705 2426 848 2498 fundati
870 2449 936 2520 per
953 2424 1139 2498 dominum
1158 2423 1361 2498 Robertum
1380 2429 1425 2500 de
1444 2428 1568 2504 Kethe
1586 2434 1640 2505 de·

287 2563 337 2611 xx
352 2541 482 2612 marcis
498 2540 544 2610 de
561 2537 731 2633 Kyntore
748 2578 757 2596 ·

287 2651 383 2724 ltern
399 2651 608 2745 capellanus
625 2652 761 2721 domini
779 2649 961 2745 Ingerami
979 2644 1135 2742 episcopi
1153 2649 1326 2723 fundatus
1343 2654 1388 2724 de
1402 2655 1489 2750 xviij
1504 2660 1632 2729 marcis

286 2766 331 2834 de
348 2765 384 2835 le
401 2761 583 2835 Westhall
600 2763 767 2855 parochie
785 2763 831 2833 de
849 2759 957 2853 Ouyn
976 2801 985 2818 ·

285 2873 381 2947 Item
406 2873 614 2968 capellanus
638 2870 799 2968 magistri
815 2872 840 2945 J
843 2873 994 2944 ohannis
1011 2871 1097 2945 clas
1114 2873 1288 2945 firndatus
1306 2875 1351 2946 de
1369 2877 1419 2968 xij
1439 2883 1569 2951 marcis
1587 2884 1632 2953 de

285 2989 393 3058 certis
409 2987 517 3058 terris
534 2986 580 3058 de
596 2984 771 3057 Aberden
790 3025 798 3042 ·

285 3097 382 3170 Item
405 3096 613 3192 capellanus
638 3093 796 3192 magistri
820 3095 1012 3189 Laurencij
1041 3093 1209 3188 Duncanj
1237 3097 1410 3169 fundatus
1438 3101 1484 3171 de
1510 3125 1631 3174 annuo

284 3211 428 3282 redditu
446 3210 572 3282 decem
589 3230 790 3280 marcarum
809 3209 855 3279 do
873 3208 976 3278 terris
994 3209 1040 3278 de
1059 3206 1183 3302 Morfy
1201 3231 1312 3302 prope
1331 3209 1503 3284 Montros
1521 3255 1529 3271 ·

284 3321 381 3393 Item
398 3319 607 3416 capellanus
623 3318 719 3390 bone
734 3319 910 3390 memorie
927 3319 1110 3411 quondam
1127 3321 1319 3392 reuerendi
1345 3325 1458 3414 patris
1476 3323 1630 3421 episcopi

282 3433 421 3504 'shonre
439 3433 557 3526 Spens
573 3430 747 3502 fundatus
764 3471 773 3488 ·

284 3543 381 3616 Item
415 3542 618 3640 capellania
651 3537 810 3637 magistri
840 3538 990 3613 Andree
1019 3542 1126 3636 Lyell
1157 3543 1310 3616 fundata
1337 3547 1383 3616 od
1412 3548 1562 3620 vicarios
1592 3551 1630 3620 in

283 3678 514 3728 communem
531 3653 663 3726 valoris
679 3691 688 3709 ·

284 3767 380 3839 Item
409 3766 612 3861 capellania
639 3788 705 3858 per
732 3761 943 3859 magistrum
971 3764 1225 3838 Alexandrum
1255 3765 1410 3840 Cnllane
1440 3770 1485 3841 ad
1516 3771 1630 3843 altare

284 3881 380 3952 beati
398 3877 597 3951 Nicholai·

286 3990 380 4063 Item
409 3988 610 4084 capellania
638 3988 792 4059 fundata
824 4009 890 4080 per
917 3984 1129 4083 magistrum
1158 3987 1412 4062 Alexandrum
1443 3992 1629 4068 Cabellale

284 4105 458 4174 rectorem
484 4102 531 4172 do
555 4099 775 4191 Banquhory
800 4099 847 4170 ad
872 4097 986 4170 altare
1011 4101 1110 4172 beati
1136 4098 1322 4172 Dominici
1349 4125 1374 4172 x
1400 4102 1492 4175 libre
1519 4111 1629 4180 annui

284 4215 446 4286 redditus
463 4212 510 4284 da
526 4211 631 4283 torris
644 4211 690 4282 de
703 4209 906 4281 Morccroft
922 4233 1006 4282 oum
1024 4212 1259 4305 pertinencijs
1277 4214 1339 4305 qui
1358 4215 1402 4286 ad
1420 4219 1629 4292 continuam

284 4328 321 4398 in
338 4321 490 4398 ecclesra
505 4316 756 4394 Aberdonensr
772 4315 981 4415 astringitur
996 4319 1230 4396 residentiam
1247 4321 1275 4416 ·]
