4050 5534
251 640 333 735 η]
715 646 1127 723 Annnnounusn.
1552 665 1594 738 τι

317 953 418 1026 'saxa
434 977 628 1050 capparum
645 960 751 1032 iuxta
767 971 885 1034 ratam
902 961 1162 1034 beneficiorum
1180 973 1219 1036 et
1236 964 1526 1058 prebendarum·

390 1179 601 1252 Decanatus
693 1236 701 1253 .
803 1237 812 1254 .
914 1239 922 1256 .
1025 1237 1034 1257 .
1136 1239 1145 1258 .
1246 1187 1360 1260 dxxx·
1380 1189 1441 1262 lib.

390 1289 623 1364 Precentoria
691 1347 698 1365 .
802 1349 812 1366 .
914 1350 922 1366 .
1026 1351 1034 1368 .
1136 1353 1144 1369 .
1247 1300 1307 1370 orl·
1327 1301 1390 1373 lib.

389 1402 615 1476 cancellaria
692 1460 700 1476 .
803 1462 812 1478 .
914 1462 922 1477 .
1026 1463 1033 1479 .
1136 1463 1145 1480 .
1247 1412 1308 1486 ·xl·
1327 1413 1392 1486 lit.

387 1512 620 1588 Thesauraria
690 1571 699 1589 .
801 1573 810 1590 .
912 1575 921 1590 .
1024 1574 1032 1590 .
1134 1576 1142 1593 .
1245 1524 1304 1596 ·xl·
1323 1527 1385 1600 lio.

386 1624 715 1701 Archidiaconatus
797 1671 1254 1705 .....
1257 1635 1304 1707 lx·
1323 1637 1385 1710 lib.

239 1845 548 1922 prebendasanui
561 1851 732 1926 Nichoiai
746 1854 806 1924 ·xl·
821 1854 882 1926 lit.
933 1855 1155 1951 Abbyrdour
1206 1913 1214 1930 .
1319 1915 1327 1931 .
1439 1863 1503 1934 ·xl·
1522 1863 1583 1935 lib.

237 1957 401 2052 Kynkell
508 2017 518 2034 .
621 2017 630 2034 .
708 1969 804 2038 iura·
822 1966 884 2038 lib.
935 1967 1060 2042 Clatte
1095 2023 1103 2040 .
1208 2025 1216 2042 .
1320 2027 1328 2044 .
1432 1997 1503 2045 ·xx·
1523 1975 1585 2046 lib.

237 2069 457 2169 Kyncardyn
508 2131 516 2146 .
620 2131 628 2146 .
755 2081 801 2150 ·i⁰·
818 2078 880 2150 lin.
933 2078 1155 2174 Banqnhory
1209 2134 1217 2151 .
1319 2138 1328 2155 .
1403 2108 1502 2157 ·xxx·
1522 2087 1584 2158 lib.

237 2181 381 2258 Turreff
506 2243 513 2258 .
617 2243 625 2260 .
688 2190 800 2262 dxxx·
819 2191 881 2262 lib.
934 2190 1145 2264 Morthlaoh
1210 2247 1218 2264 .
1321 2249 1329 2265 .
1417 2197 1477 2268 ·xl·
1496 2199 1583 2270 mai.

236 2291 414 2392 Balbeluy
507 2356 515 2371 .
618 2356 626 2373 .
739 2303 800 2374 ·xl·
818 2303 880 2375 lin.
931 2301 1144 2399 'sulynestin
1206 2358 1214 2376 .
1318 2359 1327 2376 .
1429 2333 1501 2380 ·xx·
1521 2310 1582 2381 lib.

237 2404 426 2483 Methlach
502 2467 511 2484 .
614 2467 624 2484 .
737 2417 797 2487 orl·
816 2415 878 2486 lib.
930 2414 1216 2511 Innernoohty.
1319 2472 1328 2491 .
1430 2445 1502 2492 ·xx·
1520 2422 1582 2495 lib.

236 2516 446 2595 crowdaine
506 2566 514 2584 ·
619 2580 627 2596 .
739 2528 799 2598 ·xl·
818 2527 881 2599 lib.
932 2526 1142 2602 Coldstaine
1210 2583 1219 2600 .
1322 2585 1330 2601 .
1433 2557 1478 2604 ·x·
1494 2536 1581 2605 mai.

504 2691 512 2708 .
615 2692 623 2708 .
686 2638 798 2710 ·lxxx·
816 2639 880 2711 lib.
932 2639 1104 2712 Forbeo.
1208 2695 1216 2711 .
1319 2695 1327 2712 .
1407 2668 1477 2715 mx·
1492 2653 1581 2716 mai.

522 2731 528 2739 ⁴
617 2805 625 2819 .
738 2750 799 2822 ·xl·
819 2751 882 2823 lib.
935 2750 1155 2845 Monymusk
1208 2806 1217 2823 .
1320 2808 1328 2824 .
1441 2755 1500 2826 ·xl·
1519 2755 1579 2828 lib.

615 2918 623 2932 .
713 2863 773 2934 nl·
787 2872 878 2936 mai.
930 2863 1039 2934 Ellon
1095 2917 1104 2935 .
1208 2915 1217 2934 .
1319 2919 1327 2935 .
1451 2891 1496 2937 ·x·
1516 2866 1578 2938 lib.

612 3029 620 3046 .
722 2998 794 3045 ·xx·
814 2975 876 3048 lib.
929 2974 1030 3070 Deyr
1098 3029 1106 3046 .
1208 3027 1216 3044 .
1319 3029 1327 3046 .
1410 2978 1495 3049 ·viii·
1516 2979 1577 3050 lib.

610 3140 619 3157 .
721 3111 794 3158 arx·
813 3087 877 3159 lib.
929 3084 1115 3159 Dulmaok
1209 3139 1218 3158 .
1320 3141 1328 3159 .
1449 3112 1495 3159 ·x·
1514 3090 1577 3160 lib.

345 3194 501 3270 Summa
517 3197 612 3269 ·lriii·
631 3197 694 3271 lib.
712 3200 822 3270 mviii·
847 3195 910 3270 sot.
929 3199 1170 3292 compotando
1187 3198 1233 3270 ad
1251 3195 1459 3272 vicesimum

604 3312 792 3382 denarium
810 3313 877 3382 via.
902 3312 948 3382 de
965 3310 1058 3382 libra
1074 3311 1146 3382 ·xii·
1166 3307 1201 3382 d.

283 3528 340 3602 De
367 3532 629 3606 constitutione
654 3534 896 3629 procuratoris
922 3556 988 3628 per
1010 3529 1227 3605 refidentem
1254 3519 1524 3608 canonicum'et

740 3646 856 3718 officio
874 3644 1033 3718 eiusdem
1052 3687 1060 3704 ·

230 3859 419 3940 Statntum
436 3867 490 3942 est
506 3880 546 3943 et
563 3870 770 3942 ordinatum
789 3868 885 3962 quod
903 3867 1059 3960 quilibet
1073 3869 1267 3940 eanonicus
1283 3867 1416 3940 habeat
1429 3873 1574 3941 canoni·

229 3997 309 4048 cum
326 3992 597 4073 procuratorem
613 3978 830 4054 residentem
848 3981 887 4052 in
903 3977 967 4052 sna
991 3977 1155 4052 absentia
1171 3991 1210 4051 et
1228 4002 1300 4049 non
1318 3978 1430 4050 alium
1447 3982 1485 4051 in
1503 3982 1573 4053 hiis

229 4109 296 4178 qne
312 4090 478 4185 spectant
495 4097 540 4166 ad
558 4117 642 4166 eum
659 4095 698 4165 in
715 4092 875 4187 capitulo
892 4094 996 4164 onius
1018 4092 1164 4183 quidem
1182 4091 1422 4184 procuratoris
1438 4114 1571 4164 nomen

229 4199 404 4275 scribatur
436 4208 475 4277 in
509 4207 602 4278 libro
636 4203 855 4277 statutorum
889 4214 928 4275 et
962 4204 1060 4275 idem
1094 4209 1304 4295 procurator
1342 4200 1573 4295 respondebit

229 4310 386 4388 stallario
415 4341 480 4412 pro
505 4318 611 4391 feodo
636 4315 700 4388 suo
727 4325 766 4388 et
793 4316 922 4387 habitu
948 4325 988 4387 et
1013 4313 1094 4386 aliia
1119 4313 1288 4385 oneribus
1319 4314 1505 4386 ordinariis
1531 4340 1572 4388 ac

228 4431 342 4502 eciam
369 4453 432 4524 pro
449 4452 588 4524 cappa·
608 4429 660 4501 Et
677 4423 703 4498 sr
721 4430 802 4522 quia
819 4429 1012 4501 canonieus
1039 4449 1112 4497 non
1130 4421 1288 4497 residens
1313 4425 1408 4497 infra
1424 4429 1574 4520 quadra-

227 4543 329 4636 ginta
345 4543 424 4614 diea
443 4538 631 4636 postquam
649 4550 817 4635 receptus
834 4540 944 4610 suerit
961 4539 999 4610 in
1018 4538 1232 4610 canonicum
1251 4559 1324 4608 non
1343 4536 1573 4631 deputauerit
