4050 5534
239 645 341 740 xva]
695 642 1098 722 Anannouuusu.
1503 657 1573 727 aas

233 845 443 918 ludentibus
473 849 511 918 in
541 841 671 940 plateis
701 849 778 917 eius
804 884 813 902 ·
841 843 924 918 Heo
958 847 1048 919 dicit
1074 849 1239 920 dominus
1274 850 1500 920 exercituum
1530 849 1570 922 Si

234 959 378 1032 difficile
395 959 576 1031 ridebitur
593 957 631 1030 ia
650 959 762 1031 oculis
785 957 1017 1050 reliquiarum
1034 960 1158 1054 populi
1177 962 1282 1032 huius
1299 963 1337 1032 in
1356 961 1482 1032 diebus
1498 961 1571 1033 illis

233 1073 396 1165 nunquid
421 1047 459 1143 sn
488 1070 600 1144 oeulis
622 1073 714 1144 meis
741 1070 885 1142 difficile
914 1073 983 1143 erit
1009 1072 1098 1144 dicit
1125 1074 1291 1145 dominus
1319 1075 1570 1146 exercituum·

232 1183 316 1256 Hae
333 1186 421 1256 dicit
447 1185 612 1256 dominus
630 1186 857 1257 exercituum
881 1182 977 1255 Eece
1001 1207 1067 1278 ego
1085 1181 1229 1257 saluabo
1255 1183 1428 1280 populum
1446 1206 1568 1258 meum

232 1297 277 1368 de
303 1305 399 1368 terra
428 1298 577 1368 orientis
602 1305 642 1369 et
667 1297 840 1390 deterre
873 1292 1017 1368 occasus
1043 1293 1125 1368 solis
1152 1308 1191 1368 et
1224 1298 1399 1369 adducam
1428 1319 1488 1368 eor
1529 1305 1566 1370 et

231 1409 448 1482 habitabunt
470 1411 509 1480 in
532 1410 650 1480 medio
680 1405 908 1481 Hierusalem
940 1417 978 1479 et
1012 1418 1120 1480 erunt
1144 1410 1231 1481 mihi
1259 1410 1297 1481 in
1327 1409 1501 1503 populum
1529 1423 1567 1483 et

232 1545 299 1616 ego
326 1543 387 1593 ero
423 1521 476 1592 eis
504 1523 542 1592 iu
570 1521 678 1593 deum
708 1523 747 1592 in
776 1523 931 1593 veritate
961 1528 1000 1592 et
1029 1523 1066 1592 in
1095 1517 1234 1594 iusticia
1268 1523 1356 1594 dicit
1386 1522 1565 1596 Dominus

233 1637 486 1728 omnipotens·

478 1969 597 2041 Fama
614 1989 734 2042 saxna
753 2009 762 2026 ·
781 1967 925 2040 Laome
943 1966 1048 2039 Isura
1066 1989 1265 2040 rnornarn
1284 2010 1291 2026 ·

277 2194 361 2267 Hee
377 2195 466 2268 dicit
484 2195 649 2266 dominus
667 2194 755 2267 deus
773 2192 891 2286 Super
911 2215 1033 2264 muros
1049 2201 1131 2265 tuos
1148 2191 1374 2266 Hierusalem
1395 2191 1563 2268 constitui

229 2303 391 2380 custodes
407 2347 417 2364 ·
435 2314 515 2378 tota
531 2307 589 2376 die
606 2315 645 2376 et
662 2313 742 2377 tota
757 2305 862 2377 node
879 2307 917 2376 in
941 2315 1156 2399 perpetuum
1174 2328 1246 2376 non
1263 2305 1437 2378 tacebunt
1463 2347 1472 2365 ·
1489 2306 1562 2391 Qui

228 2417 493 2492 reminiscimini
519 2418 655 2489 domini
679 2439 727 2489 ne
752 2419 903 2490 taceatis
927 2429 967 2490 et
986 2440 1034 2488 ne
1060 2419 1154 2488 detis
1181 2414 1361 2490 silentium
1388 2421 1421 2490 ei
1447 2419 1561 2491 donee

227 2529 384 2603 stabiliat
401 2540 439 2602 et
456 2531 571 2602 donee
587 2539 700 2623 ponat
725 2526 953 2601 Hierusalem
971 2529 1115 2602 laudem
1133 2531 1171 2601 in
1190 2540 1285 2602 terra
1302 2572 1311 2588 ·
1338 2530 1362 2602 J
1364 2533 1484 2604 urauit
1501 2533 1562 2603 do-

226 2645 346 2715 minus
363 2644 401 2713 in
427 2643 578 2713 dextera
593 2639 656 2713 sua
671 2650 710 2712 et
733 2642 772 2712 iu
789 2640 934 2713 brachio
958 2642 1182 2714 fortitudinis
1199 2641 1260 2715 sue
1281 2643 1321 2714 Si
1348 2644 1480 2715 dedero
1497 2645 1561 2715 tri-

227 2759 340 2828 ticum
356 2766 463 2827 tuum
480 2754 574 2826 vltra
590 2753 711 2826 eibum
731 2755 886 2826 inimicis
903 2755 976 2826 tuis
993 2765 1033 2825 et
1051 2749 1076 2824 sr
1102 2755 1259 2827 biberint
1276 2755 1340 2848 filij
1359 2755 1561 2850 alienigene

227 2874 350 2943 vinum
368 2880 473 2942 tuum
490 2871 528 2938 in
546 2890 616 2960 quo
634 2862 799 2938 laborasti
824 2901 834 2922 ·
859 2866 955 2952 Quia
971 2868 1030 2960 qui
1051 2868 1320 2963 congregabunt
1337 2867 1426 2938 illud
1444 2891 1561 2940 come·

226 2985 314 3056 dent
330 2991 370 3054 et
396 2980 595 3052 laudabunt
621 2977 818 3050 Dominum
837 3017 846 3034 ·
864 2987 902 3050 et
919 2979 981 3071 qui
1006 2989 1234 3073 comportant
1260 2979 1350 3051 illud
1371 2979 1497 3052 bibent
1522 2981 1560 3050 in

225 3094 324 3192 atrijs
340 3093 468 3166 anais
484 3093 574 3164 meis
592 3131 600 3148 ·
620 3087 783 3162 'sranfite
801 3087 949 3162 transite
962 3112 1027 3185 per
1038 3101 1159 3184 portas
1175 3101 1364 3186 preparate
1380 3093 1475 3164 viam
1497 3115 1561 3185 po-

225 3208 311 3301 pulo
335 3204 485 3301 planum
513 3205 622 3276 facite
644 3206 715 3274 iter
740 3212 779 3273 et
802 3202 933 3298 eligete
962 3203 1098 3296 lapides
1121 3213 1160 3274 et
1183 3204 1326 3275 eleuata
1349 3198 1488 3299 signum
1513 3203 1557 3275 ad

226 3319 374 3413 populos
400 3340 484 3389 ecee
509 3317 676 3387 domiuus
705 3315 870 3386 auditum
895 3315 983 3387 fecit
1011 3317 1050 3386 in
1077 3317 1248 3386 extremis
1273 3323 1370 3387 terre
1400 3355 1408 3372 ·
1438 3313 1559 3386 Dicite

225 3431 297 3503 filie
320 3430 418 3526 Syon
442 3452 527 3502 eece
554 3426 710 3501 saluator
735 3437 821 3498 tuus
847 3429 947 3499 veuit
972 3451 1056 3499 ecce
1081 3449 1220 3500 merces
1245 3429 1321 3499 eius
1345 3451 1426 3500 cum
1451 3451 1493 3499 eo
1519 3437 1557 3498 et

225 3566 314 3638 opus
330 3543 427 3615 illius
452 3564 573 3614 eoram
589 3539 653 3611 illo
667 3581 676 3595 ·
696 3537 746 3611 Et
763 3540 945 3611 vocabunt
965 3561 1027 3610 eos
1045 3538 1199 3633 populus
1223 3537 1363 3611 sanans
1380 3541 1557 3633 redempti

226 3656 409 3728 adomino
430 3697 439 3713 ·
458 3655 514 3727 'tu
532 3663 653 3725 autem
672 3652 854 3724 vocaberis
868 3647 1007 3745 quesita
1023 3653 1151 3724 ciuitas
1168 3663 1207 3724 et
1224 3675 1297 3722 non
1314 3651 1506 3725 deralista·

235 4029 240 4036 ·
299 3993 498 4065 Domnrcr
515 4007 654 4060 raama
672 3988 890 4060 Anunnrus
907 4007 1049 4060 nomm
1068 4029 1076 4045 ·
1097 3986 1161 4059 An
1175 3988 1476 4062 Cuonrnrusos·

275 4217 419 4290 Fratres
440 4213 530 4286 ·Sio
550 4236 616 4286 noe
632 4209 815 4286 existimet
837 4214 945 4284 homo
962 4221 1003 4282 vt
1019 4208 1199 4284 ministros
1216 4209 1347 4284 Christi
1363 4223 1402 4285 et
1419 4211 1556 4308 dispen-

226 4331 358 4408 satores
384 4321 662 4400 ministeriorum
680 4324 778 4398 Dei·
804 4324 879 4396 Hie
903 4326 975 4398 iam
1001 4327 1164 4418 queritur
1184 4327 1281 4396 inter
1301 4323 1556 4420 dispensatores

226 4459 265 4520 rt
280 4441 397 4518 tidelia
415 4439 494 4533 quis
511 4438 719 4512 inueniatur
736 4479 745 4497 ·
764 4435 881 4510 Miohi
898 4447 1021 4511 autem
1039 4458 1103 4531 pro
1119 4437 1268 4509 minimo
1286 4433 1338 4508 est
1356 4448 1433 4511 vta
1456 4441 1556 4513 vobis
