4050 5534
209 716 215 724 ,
260 637 347 731 xa]
739 637 1143 712 aanaoonnusa.
1567 649 1612 714 aa

258 837 391 910 chorus
418 849 583 913 mutatur
613 881 621 897 ·
647 839 744 911 Item
770 863 792 911 a
815 861 906 910 cena
932 839 1070 909 domini
1101 833 1210 930 usque
1236 838 1281 911 ad
1308 841 1451 912 olitanae
1482 839 1610 933 pasche

258 952 418 1022 variatur
434 952 564 1023 cherua
581 976 647 1046 per
663 948 820 1046 singulos
838 951 914 1023 dies
941 953 1096 1022 rettores
1114 960 1237 1022 tamen
1261 952 1503 1044 ebdomadarij
1523 964 1608 1024 ante

258 1061 354 1131 diem
374 1085 448 1133 non
475 1073 692 1136 mutantur·
712 1063 809 1134 adie
832 1073 956 1134 autem
983 1060 1112 1156 pasche
1140 1058 1248 1154 vsque
1273 1065 1318 1135 ad
1347 1063 1492 1136 ostauas
1519 1062 1610 1135 eins-

257 1173 340 1244 dem
359 1171 509 1269 singulis
527 1178 654 1247 diebus
672 1177 855 1248 variantur
873 1213 881 1230 ·
901 1171 1021 1246 Simili
1039 1196 1183 1266 quoque
1211 1175 1319 1244 modo
1344 1171 1554 1246 obseruator
1570 1177 1607 1246 in

257 1284 459 1358 ebdomada
475 1284 728 1380 penthecostes
747 1285 918 1379 usquead
937 1286 1033 1356 diem
1053 1282 1171 1356 sancte
1189 1287 1364 1357 trinitatis
1383 1326 1391 1342 ·

472 1510 529 1581 De
546 1506 721 1582 diuisione
740 1506 910 1581 sestorum
933 1504 1082 1580 ecclesie
1101 1506 1368 1581 Aberdonensrs
1387 1553 1394 1568 ·

759 1685 865 1761 Festa
882 1689 1094 1783 principalia
1111 1731 1118 1745 ·

257 2181 340 2254 Hec
370 2180 454 2255 sunt
485 2180 650 2255 vtensrlia
679 2181 899 2254 dimittenda
927 2204 949 2250 a
978 2179 1221 2273 predecessore
1252 2179 1438 2254 successori
1473 2182 1537 2256 suo
1567 2188 1603 2256 in

256 2290 408 2366 ecclesia
424 2290 675 2366 Aberdonensr
701 2295 772 2364 rite
789 2301 828 2363 et
845 2291 1018 2362 canonice
1042 2293 1194 2364 intranti
1213 2303 1251 2364 et
1278 2295 1445 2366 omnibus
1472 2297 1605 2367 benesi-

256 2407 361 2478 ciatis
377 2429 443 2499 per
459 2407 611 2478 eandem
631 2447 639 2462 ·

257 2606 312 2701 ln
330 2631 455 2722 primis
471 2632 509 2700 in
527 2629 610 2701 aula
626 2628 736 2700 debet
754 2627 939 2698 dimittere
956 2649 1063 2700 vnam
1082 2626 1246 2699 tabulam
1265 2624 1500 2702 sufficientem
1520 2655 1604 2702 cum

254 2738 417 2813 tristellia
435 2783 443 2799 ·
462 2764 570 2814 vnam
597 2739 741 2834 peluem
760 2761 844 2811 cum
865 2739 1035 2810 lauacro·
1055 2762 1162 2811 vnam
1190 2763 1356 2834 mappam
1377 2765 1460 2814 cum
1478 2766 1604 2815 manu-

253 2855 373 2947 tergio
389 2892 398 2908 ·
416 2876 528 2924 vnum
545 2852 686 2925 coclear
711 2855 924 2944 argenteum
944 2894 952 2910 ·
971 2852 1117 2944 ciphum
1137 2873 1220 2922 cum
1239 2855 1487 2946 coopertorio·

254 2964 300 3035 In
325 2987 470 3036 camera
483 2987 593 3035 vnum
618 2961 648 3034 le
672 2959 792 3035 concie
809 3000 817 3017 ·
834 2964 1101 3054 coopertorium
1120 2962 1203 3034 letti
1229 2987 1312 3034 cnm
1337 2967 1456 3057 capite
1473 2967 1605 3037 corres-

252 3078 440 3170 pondente
457 3115 465 3131 ·
484 3100 595 3148 vnum
612 3099 677 3168 par
694 3074 973 3145 lintheaminum
992 3084 1031 3144 et
1048 3075 1138 3144 dnos
1157 3073 1292 3146 lodices
1311 3113 1319 3130 ·

252 3188 299 3258 In
317 3190 473 3280 coquina
486 3211 592 3260 vnam
611 3187 720 3260 ollam
739 3209 858 3257 ercam
873 3224 881 3241 ·
896 3209 1003 3257 vnam
1022 3184 1193 3279 patellam
1210 3183 1446 3258 sufficientem
1465 3230 1472 3246 ·
1494 3213 1604 3260 vnum

252 3302 466 3372 mortarium
492 3323 576 3372 cum
601 3295 752 3392 pesiello
769 3335 778 3354 ·
796 3321 903 3370 vnam
922 3298 1114 3369 cathenam
1133 3319 1204 3388 que
1222 3300 1355 3370 dieitur
1375 3297 1601 3374 Ketilcrusre·

250 3408 476 3505 parapsidem
488 3451 496 3468 ·
507 3409 643 3483 discum
656 3450 664 3466 ·
678 3409 824 3481 dublar·
835 3418 873 3480 et
885 3407 1060 3481 sarsit-et
1072 3430 1183 3479 vnum
1197 3433 1283 3480 veru
1295 3434 1378 3482 cum
1390 3413 1601 3506 lavndyrne·

250 3523 298 3594 In
318 3521 459 3596 brasina
479 3545 590 3594 vnum
607 3521 797 3616 plumbum
811 3544 894 3592 cum
912 3544 1030 3614 cuppa
1046 3543 1117 3613 que
1134 3520 1268 3592 dicitur
1284 3519 1438 3619 Mtfffasss
1458 3523 1516 3595 vel
1534 3525 1605 3596 cal-

250 3636 393 3708 darium
411 3676 420 3692 ·
439 3647 478 3706 et
495 3634 635 3729 algeam
659 3655 729 3725 que
747 3633 881 3703 dicitur
896 3629 927 3703 le
942 3629 1055 3703 trcoclr
1072 3671 1081 3689 ·
1097 3653 1120 3701 a
1133 3629 1279 3729 pylcsot
1296 3672 1304 3689 ·
1324 3632 1419 3729 osc·
1438 3659 1460 3705 o
1476 3633 1603 3706 berall·

249 3745 304 3818 Et
321 3747 390 3819 hec
408 3741 575 3818 vtensilia
591 3744 830 3838 apprecianda
842 3741 926 3814 sunt
938 3740 1137 3814 secundum
1151 3743 1310 3816 valorem
1324 3745 1488 3841 beneficij
1507 3749 1604 3819 vide-

249 3859 341 3930 licet
359 3859 405 3930 de
422 3858 584 3950 qualibet
602 3856 694 3928 libra
709 3852 862 3926 solidum
884 3850 1060 3948 premissis
1078 3855 1331 3926 deficientibus
1348 3894 1356 3910 ·

247 4194 491 4266 Confirmatio
507 4193 645 4264 Tlrome
663 4189 818 4286 episcopi
838 4187 943 4284 super
961 4190 1214 4261 communibus
1232 4186 1402 4284 ecclessijs
1421 4231 1428 4248 ·

249 4397 452 4493 Vniuersra
468 4413 589 4488 sanita
605 4415 732 4487 matris
749 4408 899 4485 ecclesie
916 4411 1000 4505 filija
1017 4411 1063 4482 ad
1082 4433 1235 4502 quorum
1252 4416 1404 4488 noticias
1422 4415 1605 4510 presentes

245 4535 378 4605 littere
394 4529 627 4622 peruenerint
644 4527 801 4598 Thomas
820 4521 891 4595 Dei
909 4533 947 4595 et
964 4519 1160 4617 apostolice
1178 4521 1270 4596 sedis
1286 4529 1403 4622 gratia
1421 4528 1605 4624 episcopus
