<?xml version="1.0" encoding="UTF-8"?>
<!DOCTYPE html PUBLIC "-//W3C//DTD XHTML 1.0 Transitional//EN"
    "http://www.w3.org/TR/xhtml1/DTD/xhtml1-transitional.dtd">
<html xmlns="http://www.w3.org/1999/xhtml" xml:lang="en" lang="en">
 <head>
  <title>
</title>
<meta http-equiv="Content-Type" content="text/html;charset=utf-8" />
  <meta name='ocr-system' content='tesseract 3.04.00' />
  <meta name='ocr-capabilities' content='ocr_page ocr_carea ocr_par ocr_line ocrx_word'/>
</head>
<body>
  <div class='ocr_page' id='page_1' title='image "./registrumepisco02innegoog_0344.png"; bbox 0 0 4050 5534; ppageno 0'>
   <div class='ocr_carea' id='block_1_1' title="bbox 380 623 1715 726">
    <p class='ocr_par' dir='ltr' id='par_1_1' title="bbox 380 623 1715 726">
     <span class='ocr_line' id='line_1_1' title="bbox 380 623 1715 726; baseline -0.003 -24"><span class='ocrx_word' id='word_1_1' title='bbox 380 637 451 702; x_wconf 76' lang='lat'><strong>250</strong></span> <span class='ocrx_word' id='word_1_2' title='bbox 895 623 1203 700; x_wconf 79' lang='lat' dir='ltr'><strong>REGIS&#39;IIIUM</strong></span> <span class='ocrx_word' id='word_1_3' title='bbox 1561 627 1715 726; x_wconf 78' lang='lat' dir='ltr'><strong>[ancum</strong></span> 
     </span>
    </p>
   </div>
   <div class='ocr_carea' id='block_1_2' title="bbox 360 819 1738 4624">
    <p class='ocr_par' dir='ltr' id='par_1_2' title="bbox 384 819 1716 1034">
     <span class='ocr_line' id='line_1_2' title="bbox 432 819 1716 922; baseline 0.002 -26"><span class='ocrx_word' id='word_1_4' title='bbox 432 824 530 898; x_wconf 89' lang='lat' dir='ltr'><strong>Item</strong></span> <span class='ocrx_word' id='word_1_5' title='bbox 559 846 667 898; x_wconf 77' lang='lat' dir='ltr'><strong>unam</strong></span> <span class='ocrx_word' id='word_1_6' title='bbox 694 819 968 898; x_wconf 78' lang='lat' dir='ltr'><strong>monstrantium</strong></span> <span class='ocrx_word' id='word_1_7' title='bbox 996 823 1205 898; x_wconf 86' lang='lat' dir='ltr'><strong>deauratam</strong></span> <span class='ocrx_word' id='word_1_8' title='bbox 1232 849 1278 898; x_wconf 89' lang='lat' dir='ltr'><strong>ex</strong></span> <span class='ocrx_word' id='word_1_9' title='bbox 1307 834 1458 922; x_wconf 79' lang='lat' dir='ltr'><strong>argento</strong></span> <span class='ocrx_word' id='word_1_10' title='bbox 1485 827 1623 922; x_wconf 89' lang='lat' dir='ltr'><strong>optimo</strong></span> <span class='ocrx_word' id='word_1_11' title='bbox 1652 851 1716 922; x_wconf 82' lang='lat' dir='ltr'><strong>pru</strong></span> 
     </span>
     <span class='ocr_line' id='line_1_3' title="bbox 384 933 1422 1034; baseline -0.004 -20"><span class='ocrx_word' id='word_1_12' title='bbox 384 935 545 1014; x_wconf 87' lang='lat' dir='ltr'><strong>custodie</strong></span> <span class='ocrx_word' id='word_1_13' title='bbox 559 936 775 1012; x_wconf 81' lang='lat' dir='ltr'><strong>venerabilia</strong></span> <span class='ocrx_word' id='word_1_14' title='bbox 791 933 1006 1010; x_wconf 87' lang='lat' dir='ltr'><strong>sacramenti</strong></span> <span class='ocrx_word' id='word_1_15' title='bbox 1021 937 1190 1031; x_wconf 79' lang='lat' dir='ltr'><strong>ponderis</strong></span> <span class='ocrx_word' id='word_1_16' title='bbox 1209 937 1226 1034; x_wconf 94' lang='lat'>[</span> <span class='ocrx_word' id='word_1_17' title='bbox 1378 934 1396 1032; x_wconf 92' lang='grc'>]</span> <span class='ocrx_word' id='word_1_18' title='bbox 1412 980 1422 1000; x_wconf 87' lang='lat'><strong>·</strong></span> 
     </span>
    </p>

    <p class='ocr_par' dir='ltr' id='par_1_3' title="bbox 386 1047 1718 1258">
     <span class='ocr_line' id='line_1_4' title="bbox 435 1047 1718 1146; baseline 0.002 -24"><span class='ocrx_word' id='word_1_19' title='bbox 435 1051 533 1124; x_wconf 83' lang='lat' dir='ltr'>Item</span> <span class='ocrx_word' id='word_1_20' title='bbox 550 1051 622 1123; x_wconf 92' lang='lat' dir='ltr'><strong>duo</strong></span> <span class='ocrx_word' id='word_1_21' title='bbox 638 1047 853 1124; x_wconf 85' lang='lat' dir='ltr'><strong>candelabra</strong></span> <span class='ocrx_word' id='word_1_22' title='bbox 875 1056 1048 1144; x_wconf 82' lang='lat' dir='ltr'><strong>argentee</strong></span> <span class='ocrx_word' id='word_1_23' title='bbox 1071 1049 1111 1122; x_wconf 92' lang='lat' dir='ltr'><strong>in</strong></span> <span class='ocrx_word' id='word_1_24' title='bbox 1137 1061 1240 1144; x_wconf 86' lang='lat' dir='ltr'><strong>parte</strong></span> <span class='ocrx_word' id='word_1_25' title='bbox 1268 1051 1439 1124; x_wconf 86' lang='lat' dir='ltr'><strong>deaurata</strong></span> <span class='ocrx_word' id='word_1_26' title='bbox 1462 1053 1630 1146; x_wconf 78' lang='lat' dir='ltr'><strong>ponderis</strong></span> <span class='ocrx_word' id='word_1_27' title='bbox 1654 1053 1718 1146; x_wconf 88' lang='lat' dir='ltr'><strong>xiij</strong></span> 
     </span>
     <span class='ocr_line' id='line_1_5' title="bbox 386 1157 1275 1258; baseline -0.001 -22"><span class='ocrx_word' id='word_1_28' title='bbox 386 1185 587 1236; x_wconf 87' lang='lat' dir='ltr'><strong>marcarum</strong></span> <span class='ocrx_word' id='word_1_29' title='bbox 603 1161 651 1258; x_wconf 82' lang='lat' dir='ltr'><strong>vij</strong></span> <span class='ocrx_word' id='word_1_30' title='bbox 669 1162 855 1235; x_wconf 82' lang='lat' dir='ltr'><strong>molarum</strong></span> <span class='ocrx_word' id='word_1_31' title='bbox 870 1161 958 1254; x_wconf 84' lang='lat' dir='ltr'><strong>xviij</strong></span> <span class='ocrx_word' id='word_1_32' title='bbox 976 1157 1249 1257; x_wconf 80' lang='lat' dir='ltr'><strong>osterlingornm</strong></span> <span class='ocrx_word' id='word_1_33' title='bbox 1266 1201 1275 1223; x_wconf 90' lang='lat'><strong>·</strong></span> 
     </span>
    </p>

    <p class='ocr_par' dir='ltr' id='par_1_4' title="bbox 387 1269 1718 1484">
     <span class='ocr_line' id='line_1_6' title="bbox 438 1269 1718 1370; baseline 0.002 -24"><span class='ocrx_word' id='word_1_34' title='bbox 438 1274 535 1348; x_wconf 89' lang='lat' dir='ltr'><strong>Item</strong></span> <span class='ocrx_word' id='word_1_35' title='bbox 552 1297 614 1348; x_wconf 83' lang='lat' dir='ltr'><strong>vae</strong></span> <span class='ocrx_word' id='word_1_36' title='bbox 630 1295 724 1368; x_wconf 92' lang='lat' dir='ltr'><strong>aque</strong></span> <span class='ocrx_word' id='word_1_37' title='bbox 748 1273 936 1346; x_wconf 67' lang='lat' dir='ltr'><strong>beneditio</strong></span> <span class='ocrx_word' id='word_1_38' title='bbox 952 1295 1037 1346; x_wconf 88' lang='lat' dir='ltr'><strong>cnm</strong></span> <span class='ocrx_word' id='word_1_39' title='bbox 1053 1269 1244 1368; x_wconf 78' lang='lat' dir='ltr'>aspersorio</span> <span class='ocrx_word' id='word_1_40' title='bbox 1268 1283 1480 1370; x_wconf 87' lang='lat' dir='ltr'><strong>argenteum</strong></span> <span class='ocrx_word' id='word_1_41' title='bbox 1508 1275 1718 1348; x_wconf 70' lang='lat' dir='ltr'><strong>decumum</strong></span> 
     </span>
     <span class='ocr_line' id='line_1_7' title="bbox 387 1381 1195 1484; baseline -0.005 -24"><span class='ocrx_word' id='word_1_42' title='bbox 387 1388 555 1484; x_wconf 75' lang='lat' dir='ltr'><strong>ponderis</strong></span> <span class='ocrx_word' id='word_1_43' title='bbox 571 1387 623 1480; x_wconf 87' lang='lat' dir='ltr'><strong>xij</strong></span> <span class='ocrx_word' id='word_1_44' title='bbox 639 1407 841 1458; x_wconf 86' lang='lat' dir='ltr'><strong>marcarum</strong></span> <span class='ocrx_word' id='word_1_45' title='bbox 858 1407 882 1458; x_wconf 83' lang='lat' dir='ltr'>v</span> <span class='ocrx_word' id='word_1_46' title='bbox 897 1381 1195 1481; x_wconf 86' lang='lat' dir='ltr'><strong>esterlingornm·</strong></span> 
     </span>
    </p>

    <p class='ocr_par' dir='ltr' id='par_1_5' title="bbox 389 1497 1721 1708">
     <span class='ocr_line' id='line_1_8' title="bbox 439 1497 1721 1594; baseline -0.001 -22"><span class='ocrx_word' id='word_1_47' title='bbox 439 1499 536 1572; x_wconf 83' lang='lat' dir='ltr'><strong>Item</strong></span> <span class='ocrx_word' id='word_1_48' title='bbox 553 1500 642 1576; x_wconf 84' lang='lat' dir='ltr'><strong>duaa</strong></span> <span class='ocrx_word' id='word_1_49' title='bbox 664 1497 805 1593; x_wconf 87' lang='lat' dir='ltr'><strong>phiolaa</strong></span> <span class='ocrx_word' id='word_1_50' title='bbox 828 1507 1020 1594; x_wconf 85' lang='lat' dir='ltr'><strong>argenteae</strong></span> <span class='ocrx_word' id='word_1_51' title='bbox 1035 1497 1204 1591; x_wconf 76' lang='lat' dir='ltr'><strong>ponderis</strong></span> <span class='ocrx_word' id='word_1_52' title='bbox 1230 1497 1254 1591; x_wconf 76' lang='lat' dir='ltr'><strong>ii</strong></span> <span class='ocrx_word' id='word_1_53' title='bbox 1285 1520 1484 1572; x_wconf 86' lang='lat' dir='ltr'><strong>marcarum</strong></span> <span class='ocrx_word' id='word_1_54' title='bbox 1504 1499 1522 1590; x_wconf 85' lang='lat' dir='ltr'><strong>j</strong></span> <span class='ocrx_word' id='word_1_55' title='bbox 1548 1502 1653 1572; x_wconf 77' lang='lat' dir='ltr'><strong>uncie</strong></span> <span class='ocrx_word' id='word_1_56' title='bbox 1668 1502 1721 1592; x_wconf 88' lang='lat' dir='ltr'><strong>iiij</strong></span> 
     </span>
     <span class='ocr_line' id='line_1_9' title="bbox 389 1611 688 1708; baseline -0.02 -20"><span class='ocrx_word' id='word_1_57' title='bbox 389 1611 688 1708; x_wconf 86' lang='lat' dir='ltr'><strong>csterlingorum·</strong></span> 
     </span>
    </p>

    <p class='ocr_par' dir='ltr' id='par_1_6' title="bbox 439 1720 1698 1820">
     <span class='ocr_line' id='line_1_10' title="bbox 439 1720 1698 1820; baseline -0.004 -22"><span class='ocrx_word' id='word_1_58' title='bbox 439 1724 537 1798; x_wconf 91' lang='lat' dir='ltr'><strong>Item</strong></span> <span class='ocrx_word' id='word_1_59' title='bbox 552 1725 623 1796; x_wconf 88' lang='lat' dir='ltr'><strong>tria</strong></span> <span class='ocrx_word' id='word_1_60' title='bbox 638 1722 788 1795; x_wconf 87' lang='lat' dir='ltr'><strong>monilia</strong></span> <span class='ocrx_word' id='word_1_61' title='bbox 804 1720 865 1796; x_wconf 86' lang='lat' dir='ltr'><strong>seu</strong></span> <span class='ocrx_word' id='word_1_62' title='bbox 882 1721 1077 1816; x_wconf 73' lang='lat' dir='ltr'><strong>pettoraliu</strong></span> <span class='ocrx_word' id='word_1_63' title='bbox 1093 1743 1287 1816; x_wconf 68' lang='lat' dir='ltr'><strong>capparum</strong></span> <span class='ocrx_word' id='word_1_64' title='bbox 1303 1723 1470 1818; x_wconf 82' lang='lat' dir='ltr'><strong>ponderis</strong></span> <span class='ocrx_word' id='word_1_65' title='bbox 1489 1723 1507 1820; x_wconf 92' lang='lat'><strong>[</strong></span> <span class='ocrx_word' id='word_1_66' title='bbox 1656 1722 1674 1818; x_wconf 95' lang='grc'>]</span> <span class='ocrx_word' id='word_1_67' title='bbox 1690 1763 1698 1780; x_wconf 91' lang='lat'><strong>·</strong></span> 
     </span>
    </p>

    <p class='ocr_par' dir='ltr' id='par_1_7' title="bbox 440 1832 1483 1932">
     <span class='ocr_line' id='line_1_11' title="bbox 440 1832 1483 1932; baseline -0.005 -22"><span class='ocrx_word' id='word_1_68' title='bbox 440 1836 537 1910; x_wconf 90' lang='lat' dir='ltr'><strong>Item</strong></span> <span class='ocrx_word' id='word_1_69' title='bbox 554 1837 692 1932; x_wconf 84' lang='lat' dir='ltr'><strong>virgam</strong></span> <span class='ocrx_word' id='word_1_70' title='bbox 708 1833 843 1908; x_wconf 88' lang='lat' dir='ltr'><strong>bedelli</strong></span> <span class='ocrx_word' id='word_1_71' title='bbox 859 1843 1069 1931; x_wconf 88' lang='lat' dir='ltr'><strong>argenteam</strong></span> <span class='ocrx_word' id='word_1_72' title='bbox 1084 1834 1252 1929; x_wconf 84' lang='lat' dir='ltr'><strong>ponderis</strong></span> <span class='ocrx_word' id='word_1_73' title='bbox 1272 1833 1289 1932; x_wconf 93' lang='lat'><strong>[</strong></span> <span class='ocrx_word' id='word_1_74' title='bbox 1441 1832 1483 1930; x_wconf 90' lang='lat'><strong>]·</strong></span> 
     </span>
    </p>

    <p class='ocr_par' dir='ltr' id='par_1_8' title="bbox 391 1944 1724 2271">
     <span class='ocr_line' id='line_1_12' title="bbox 440 1944 1724 2044; baseline 0 -22"><span class='ocrx_word' id='word_1_75' title='bbox 440 1951 537 2024; x_wconf 91' lang='lat' dir='ltr'><strong>Item</strong></span> <span class='ocrx_word' id='word_1_76' title='bbox 548 1945 776 2043; x_wconf 88' lang='lat' dir='ltr'><strong>euangelium</strong></span> <span class='ocrx_word' id='word_1_77' title='bbox 788 1948 827 2017; x_wconf 93' lang='lat' dir='ltr'><strong>in</strong></span> <span class='ocrx_word' id='word_1_78' title='bbox 840 1944 1027 2041; x_wconf 86' lang='lat' dir='ltr'><strong>superlicio</strong></span> <span class='ocrx_word' id='word_1_79' title='bbox 1039 1955 1251 2043; x_wconf 87' lang='lat' dir='ltr'><strong>argenteum</strong></span> <span class='ocrx_word' id='word_1_80' title='bbox 1264 1970 1347 2020; x_wconf 89' lang='lat' dir='ltr'><strong>cum</strong></span> <span class='ocrx_word' id='word_1_81' title='bbox 1359 1949 1516 2044; x_wconf 85' lang='lat' dir='ltr'><strong>imagine</strong></span> <span class='ocrx_word' id='word_1_82' title='bbox 1526 1946 1724 2022; x_wconf 69' lang='lat' dir='ltr'><strong>sumone</strong></span> 
     </span>
     <span class='ocr_line' id='line_1_13' title="bbox 391 2055 1723 2154; baseline -0.003 -18"><span class='ocrx_word' id='word_1_83' title='bbox 391 2059 500 2137; x_wconf 83' lang='lat' dir='ltr'><strong>nostri</strong></span> <span class='ocrx_word' id='word_1_84' title='bbox 523 2057 607 2134; x_wconf 86' lang='lat' dir='ltr'><strong>Iesu</strong></span> <span class='ocrx_word' id='word_1_85' title='bbox 632 2055 765 2132; x_wconf 83' lang='lat' dir='ltr'><strong>Christi</strong></span> <span class='ocrx_word' id='word_1_86' title='bbox 789 2070 829 2132; x_wconf 94' lang='lat' dir='ltr'><strong>et</strong></span> <span class='ocrx_word' id='word_1_87' title='bbox 853 2055 1027 2134; x_wconf 82' lang='lat' dir='ltr'><strong>clausuris</strong></span> <span class='ocrx_word' id='word_1_88' title='bbox 1052 2101 1061 2118; x_wconf 92' lang='lat'><strong>·</strong></span> <span class='ocrx_word' id='word_1_89' title='bbox 1086 2059 1132 2130; x_wconf 90' lang='lat' dir='ltr'><strong>ad</strong></span> <span class='ocrx_word' id='word_1_90' title='bbox 1158 2059 1387 2154; x_wconf 91' lang='lat' dir='ltr'><strong>euangelium</strong></span> <span class='ocrx_word' id='word_1_91' title='bbox 1414 2057 1484 2132; x_wconf 89' lang='lat' dir='ltr'><strong>Dei</strong></span> <span class='ocrx_word' id='word_1_92' title='bbox 1504 2062 1723 2134; x_wconf 86' lang='lat' dir='ltr'><strong>cantandum</strong></span> 
     </span>
     <span class='ocr_line' id='line_1_14' title="bbox 392 2167 788 2271; baseline 0 -24"><span class='ocrx_word' id='word_1_93' title='bbox 392 2173 590 2271; x_wconf 82' lang='lat' dir='ltr'><strong>ponderie[</strong></span> <span class='ocrx_word' id='word_1_94' title='bbox 741 2167 788 2265; x_wconf 92' lang='lat'>]</span> 
     </span>
    </p>

    <p class='ocr_par' dir='ltr' id='par_1_9' title="bbox 391 2280 1728 2606">
     <span class='ocr_line' id='line_1_15' title="bbox 442 2280 1728 2377; baseline 0 -19"><span class='ocrx_word' id='word_1_95' title='bbox 442 2287 540 2360; x_wconf 90' lang='lat' dir='ltr'><strong>Item</strong></span> <span class='ocrx_word' id='word_1_96' title='bbox 564 2282 870 2358; x_wconf 86' lang='lat' dir='ltr'><strong>conseruatorium</strong></span> <span class='ocrx_word' id='word_1_97' title='bbox 895 2283 1052 2354; x_wconf 82' lang='lat' dir='ltr'><strong>ferreum</strong></span> <span class='ocrx_word' id='word_1_98' title='bbox 1080 2280 1267 2376; x_wconf 75' lang='lat' dir='ltr'><strong>eleganter</strong></span> <span class='ocrx_word' id='word_1_99' title='bbox 1290 2281 1441 2358; x_wconf 81' lang='lat' dir='ltr'><strong>incisum</strong></span> <span class='ocrx_word' id='word_1_100' title='bbox 1457 2305 1522 2377; x_wconf 91' lang='lat' dir='ltr'><strong>pro</strong></span> <span class='ocrx_word' id='word_1_101' title='bbox 1542 2283 1728 2358; x_wconf 84' lang='lat' dir='ltr'><strong>conserua·</strong></span> 
     </span>
     <span class='ocr_line' id='line_1_16' title="bbox 392 2393 1727 2490; baseline -0.002 -18"><span class='ocrx_word' id='word_1_102' title='bbox 392 2402 493 2474; x_wconf 90' lang='lat' dir='ltr'><strong>tione</strong></span> <span class='ocrx_word' id='word_1_103' title='bbox 525 2407 564 2471; x_wconf 89' lang='lat' dir='ltr'><strong>et</strong></span> <span class='ocrx_word' id='word_1_104' title='bbox 597 2393 760 2471; x_wconf 82' lang='lat' dir='ltr'><strong>custodie</strong></span> <span class='ocrx_word' id='word_1_105' title='bbox 792 2395 955 2468; x_wconf 87' lang='lat' dir='ltr'><strong>omnium</strong></span> <span class='ocrx_word' id='word_1_106' title='bbox 987 2393 1209 2488; x_wconf 77' lang='lat' dir='ltr'><strong>prefatorum</strong></span> <span class='ocrx_word' id='word_1_107' title='bbox 1236 2395 1404 2470; x_wconf 88' lang='lat' dir='ltr'><strong>localium</strong></span> <span class='ocrx_word' id='word_1_108' title='bbox 1435 2393 1648 2490; x_wconf 84' lang='lat' dir='ltr'><strong>Aatwerpie</strong></span> <span class='ocrx_word' id='word_1_109' title='bbox 1677 2399 1727 2470; x_wconf 93' lang='lat' dir='ltr'><strong>ibi</strong></span> 
     </span>
     <span class='ocr_line' id='line_1_17' title="bbox 391 2499 1209 2606; baseline -0.009 -21"><span class='ocrx_word' id='word_1_110' title='bbox 391 2510 499 2606; x_wconf 88' lang='lat' dir='ltr'><strong>supra</strong></span> <span class='ocrx_word' id='word_1_111' title='bbox 513 2510 673 2582; x_wconf 78' lang='lat' dir='ltr'><strong>nuum·</strong></span> <span class='ocrx_word' id='word_1_112' title='bbox 716 2499 722 2510; x_wconf 80' lang='grc'><strong>’</strong></span> <span class='ocrx_word' id='word_1_113' title='bbox 1206 2573 1209 2578; x_wconf 86' lang='grc'><strong>,</strong></span> 
     </span>
    </p>

    <p class='ocr_par' dir='ltr' id='par_1_10' title="bbox 394 2612 1730 2808">
     <span class='ocr_line' id='line_1_18' title="bbox 443 2612 1730 2717; baseline -0.002 -22"><span class='ocrx_word' id='word_1_114' title='bbox 443 2621 540 2696; x_wconf 84' lang='lat' dir='ltr'><strong>Item</strong></span> <span class='ocrx_word' id='word_1_115' title='bbox 557 2643 670 2693; x_wconf 85' lang='lat' dir='ltr'><strong>vnum</strong></span> <span class='ocrx_word' id='word_1_116' title='bbox 688 2618 945 2693; x_wconf 86' lang='lat' dir='ltr'><strong>candelabrum</strong></span> <span class='ocrx_word' id='word_1_117' title='bbox 963 2639 1096 2690; x_wconf 89' lang='lat' dir='ltr'><strong>cneum</strong></span> <span class='ocrx_word' id='word_1_118' title='bbox 1113 2612 1248 2712; x_wconf 88' lang='lat' dir='ltr'><strong>penfile</strong></span> <span class='ocrx_word' id='word_1_119' title='bbox 1265 2621 1304 2690; x_wconf 92' lang='lat' dir='ltr'><strong>in</strong></span> <span class='ocrx_word' id='word_1_120' title='bbox 1320 2619 1428 2692; x_wconf 91' lang='lat' dir='ltr'><strong>choro</strong></span> <span class='ocrx_word' id='word_1_121' title='bbox 1445 2643 1565 2717; x_wconf 80' lang='lat' dir='ltr'><strong>coram</strong></span> <span class='ocrx_word' id='word_1_122' title='bbox 1583 2645 1730 2694; x_wconf 78' lang='lat' dir='ltr'><strong>venem·</strong></span> 
     </span>
     <span class='ocr_line' id='line_1_19' title="bbox 394 2733 729 2808; baseline -0.018 1"><span class='ocrx_word' id='word_1_123' title='bbox 394 2734 461 2808; x_wconf 92' lang='lat' dir='ltr'><strong>bili</strong></span> <span class='ocrx_word' id='word_1_124' title='bbox 480 2733 729 2806; x_wconf 88' lang='lat' dir='ltr'><strong>sacramento·</strong></span> 
     </span>
    </p>

    <p class='ocr_par' dir='ltr' id='par_1_11' title="bbox 395 2839 1730 3052">
     <span class='ocr_line' id='line_1_20' title="bbox 445 2839 1730 2940; baseline -0.002 -22"><span class='ocrx_word' id='word_1_125' title='bbox 445 2847 542 2920; x_wconf 91' lang='lat' dir='ltr'><strong>Item</strong></span> <span class='ocrx_word' id='word_1_126' title='bbox 560 2844 650 2920; x_wconf 83' lang='lat' dir='ltr'><strong>duae</strong></span> <span class='ocrx_word' id='word_1_127' title='bbox 665 2844 850 2940; x_wconf 79' lang='lat' dir='ltr'><strong>elegentes</strong></span> <span class='ocrx_word' id='word_1_128' title='bbox 866 2842 1043 2938; x_wconf 80' lang='lat' dir='ltr'><strong>ampullae</strong></span> <span class='ocrx_word' id='word_1_129' title='bbox 1059 2863 1124 2937; x_wconf 94' lang='lat' dir='ltr'><strong>pro</strong></span> <span class='ocrx_word' id='word_1_130' title='bbox 1140 2839 1304 2923; x_wconf 63' lang='lat' dir='ltr'><strong>mimate</strong></span> <span class='ocrx_word' id='word_1_131' title='bbox 1329 2850 1368 2914; x_wconf 91' lang='lat' dir='ltr'><strong>et</strong></span> <span class='ocrx_word' id='word_1_132' title='bbox 1393 2843 1473 2915; x_wconf 92' lang='lat' dir='ltr'><strong>oleo</strong></span> <span class='ocrx_word' id='word_1_133' title='bbox 1498 2839 1618 2916; x_wconf 59' lang='lat' dir='ltr'><strong>sanun</strong></span> <span class='ocrx_word' id='word_1_134' title='bbox 1642 2867 1730 2938; x_wconf 91' lang='lat' dir='ltr'><strong>pon·</strong></span> 
     </span>
     <span class='ocr_line' id='line_1_21' title="bbox 395 2953 1040 3052; baseline -0.009 -19"><span class='ocrx_word' id='word_1_135' title='bbox 395 2962 489 3033; x_wconf 81' lang='lat' dir='ltr'><strong>deris</strong></span> <span class='ocrx_word' id='word_1_136' title='bbox 506 2958 580 3052; x_wconf 77' lang='lat' dir='ltr'><strong>xvij</strong></span> <span class='ocrx_word' id='word_1_137' title='bbox 599 2957 812 3049; x_wconf 79' lang='lat' dir='ltr'><strong>meierumj</strong></span> <span class='ocrx_word' id='word_1_138' title='bbox 831 2953 1040 3051; x_wconf 87' lang='lat' dir='ltr'><strong>esterlingi·</strong></span> 
     </span>
    </p>

    <p class='ocr_par' dir='ltr' id='par_1_12' title="bbox 396 3064 1730 3276">
     <span class='ocr_line' id='line_1_22' title="bbox 447 3064 1730 3164; baseline -0.005 -20"><span class='ocrx_word' id='word_1_139' title='bbox 447 3070 542 3144; x_wconf 91' lang='lat' dir='ltr'><strong>Item</strong></span> <span class='ocrx_word' id='word_1_140' title='bbox 560 3066 712 3142; x_wconf 85' lang='lat' dir='ltr'><strong>fimilem</strong></span> <span class='ocrx_word' id='word_1_141' title='bbox 730 3067 927 3161; x_wconf 75' lang='lat' dir='ltr'><strong>ampullam</strong></span> <span class='ocrx_word' id='word_1_142' title='bbox 952 3090 1018 3161; x_wconf 90' lang='lat' dir='ltr'><strong>pro</strong></span> <span class='ocrx_word' id='word_1_143' title='bbox 1043 3065 1124 3138; x_wconf 95' lang='lat' dir='ltr'><strong>oleo</strong></span> <span class='ocrx_word' id='word_1_144' title='bbox 1149 3065 1369 3138; x_wconf 89' lang='lat' dir='ltr'><strong>infirmorum</strong></span> <span class='ocrx_word' id='word_1_145' title='bbox 1388 3089 1472 3139; x_wconf 89' lang='lat' dir='ltr'><strong>cum</strong></span> <span class='ocrx_word' id='word_1_146' title='bbox 1498 3064 1645 3164; x_wconf 75' lang='lat' dir='ltr'><strong>singulis</strong></span> <span class='ocrx_word' id='word_1_147' title='bbox 1659 3067 1730 3140; x_wconf 83' lang='lat' dir='ltr'><strong>suis</strong></span> 
     </span>
     <span class='ocr_line' id='line_1_23' title="bbox 396 3179 1214 3276; baseline -0.007 -18"><span class='ocrx_word' id='word_1_148' title='bbox 396 3182 604 3258; x_wconf 79' lang='lat' dir='ltr'><strong>custodibus</strong></span> <span class='ocrx_word' id='word_1_149' title='bbox 620 3181 903 3276; x_wconf 79' lang='lat' dir='ltr'><strong>congruentibus</strong></span> <span class='ocrx_word' id='word_1_150' title='bbox 921 3179 982 3273; x_wconf 85' lang='lat' dir='ltr'><strong>viij</strong></span> <span class='ocrx_word' id='word_1_151' title='bbox 1000 3179 1187 3252; x_wconf 78' lang='lat' dir='ltr'><strong>meierum</strong></span> <span class='ocrx_word' id='word_1_152' title='bbox 1205 3217 1214 3234; x_wconf 92' lang='lat'><strong>·</strong></span> 
     </span>
    </p>

    <p class='ocr_par' dir='ltr' id='par_1_13' title="bbox 398 3287 1730 3615">
     <span class='ocr_line' id='line_1_24' title="bbox 447 3287 1730 3388; baseline -0.003 -20"><span class='ocrx_word' id='word_1_153' title='bbox 447 3296 545 3368; x_wconf 93' lang='lat' dir='ltr'><strong>Item</strong></span> <span class='ocrx_word' id='word_1_154' title='bbox 561 3293 756 3388; x_wconf 88' lang='lat' dir='ltr'><strong>imaginem</strong></span> <span class='ocrx_word' id='word_1_155' title='bbox 780 3287 892 3386; x_wconf 85' lang='lat' dir='ltr'><strong>moyfi</strong></span> <span class='ocrx_word' id='word_1_156' title='bbox 918 3313 1046 3365; x_wconf 87' lang='lat' dir='ltr'><strong>eneam</strong></span> <span class='ocrx_word' id='word_1_157' title='bbox 1073 3313 1155 3365; x_wconf 92' lang='lat' dir='ltr'><strong>cum</strong></span> <span class='ocrx_word' id='word_1_158' title='bbox 1182 3287 1306 3362; x_wconf 87' lang='lat' dir='ltr'><strong>tabula</strong></span> <span class='ocrx_word' id='word_1_159' title='bbox 1330 3289 1455 3363; x_wconf 89' lang='lat' dir='ltr'><strong>decem</strong></span> <span class='ocrx_word' id='word_1_160' title='bbox 1480 3305 1730 3386; x_wconf 81' lang='lat' dir='ltr'><strong>preceptorum</strong></span> 
     </span>
     <span class='ocr_line' id='line_1_25' title="bbox 400 3399 1730 3497; baseline -0.003 -17"><span class='ocrx_word' id='word_1_161' title='bbox 400 3407 471 3480; x_wconf 91' lang='lat' dir='ltr'><strong>Dei</strong></span> <span class='ocrx_word' id='word_1_162' title='bbox 483 3429 555 3478; x_wconf 81' lang='lat' dir='ltr'><strong>vna</strong></span> <span class='ocrx_word' id='word_1_163' title='bbox 571 3427 654 3477; x_wconf 89' lang='lat' dir='ltr'><strong>cum</strong></span> <span class='ocrx_word' id='word_1_164' title='bbox 671 3401 837 3497; x_wconf 85' lang='lat' dir='ltr'><strong>lampade</strong></span> <span class='ocrx_word' id='word_1_165' title='bbox 854 3423 946 3476; x_wconf 87' lang='lat' dir='ltr'><strong>enea</strong></span> <span class='ocrx_word' id='word_1_166' title='bbox 962 3403 1116 3476; x_wconf 88' lang='lat' dir='ltr'><strong>decente</strong></span> <span class='ocrx_word' id='word_1_167' title='bbox 1132 3401 1178 3474; x_wconf 86' lang='lat' dir='ltr'><strong>ad</strong></span> <span class='ocrx_word' id='word_1_168' title='bbox 1197 3399 1295 3474; x_wconf 78' lang='lat' dir='ltr'><strong>vium</strong></span> <span class='ocrx_word' id='word_1_169' title='bbox 1312 3399 1411 3474; x_wconf 94' lang='lat' dir='ltr'><strong>chori</strong></span> <span class='ocrx_word' id='word_1_170' title='bbox 1429 3412 1469 3475; x_wconf 91' lang='lat' dir='ltr'><strong>et</strong></span> <span class='ocrx_word' id='word_1_171' title='bbox 1482 3401 1625 3476; x_wconf 78' lang='lat' dir='ltr'><strong>vasculo</strong></span> <span class='ocrx_word' id='word_1_172' title='bbox 1642 3426 1730 3476; x_wconf 87' lang='lat' dir='ltr'><strong>enee</strong></span> 
     </span>
     <span class='ocr_line' id='line_1_26' title="bbox 398 3515 802 3615; baseline -0.017 -23"><span class='ocrx_word' id='word_1_173' title='bbox 398 3544 463 3615; x_wconf 88' lang='lat' dir='ltr'><strong>pro</strong></span> <span class='ocrx_word' id='word_1_174' title='bbox 479 3541 572 3612; x_wconf 88' lang='lat' dir='ltr'><strong>aqua</strong></span> <span class='ocrx_word' id='word_1_175' title='bbox 588 3515 774 3588; x_wconf 70' lang='lat' dir='ltr'><strong>beneditta</strong></span> <span class='ocrx_word' id='word_1_176' title='bbox 792 3553 802 3572; x_wconf 86' lang='lat'><strong>·</strong></span> 
     </span>
    </p>

    <p class='ocr_par' dir='ltr' id='par_1_14' title="bbox 399 3621 1733 3944">
     <span class='ocr_line' id='line_1_27' title="bbox 449 3621 1732 3722; baseline -0.002 -20"><span class='ocrx_word' id='word_1_177' title='bbox 449 3631 547 3704; x_wconf 88' lang='lat' dir='ltr'><strong>Item</strong></span> <span class='ocrx_word' id='word_1_178' title='bbox 572 3637 648 3701; x_wconf 80' lang='lat' dir='ltr'><strong>tres</strong></span> <span class='ocrx_word' id='word_1_179' title='bbox 674 3648 804 3722; x_wconf 81' lang='lat' dir='ltr'><strong>cappae</strong></span> <span class='ocrx_word' id='word_1_180' title='bbox 838 3648 946 3698; x_wconf 78' lang='lat' dir='ltr'><strong>unam</strong></span> <span class='ocrx_word' id='word_1_181' title='bbox 983 3621 1139 3698; x_wconf 78' lang='lat' dir='ltr'><strong>casulam</strong></span> <span class='ocrx_word' id='word_1_182' title='bbox 1165 3623 1267 3696; x_wconf 82' lang='lat' dir='ltr'><strong>binae</strong></span> <span class='ocrx_word' id='word_1_183' title='bbox 1294 3626 1486 3700; x_wconf 88' lang='lat' dir='ltr'><strong>tunicellas</strong></span> <span class='ocrx_word' id='word_1_184' title='bbox 1512 3639 1551 3699; x_wconf 91' lang='lat' dir='ltr'><strong>et</strong></span> <span class='ocrx_word' id='word_1_185' title='bbox 1579 3629 1732 3700; x_wconf 88' lang='lat' dir='ltr'><strong>totidem</strong></span> 
     </span>
     <span class='ocr_line' id='line_1_28' title="bbox 399 3734 1733 3834; baseline -0.003 -19"><span class='ocrx_word' id='word_1_186' title='bbox 399 3741 609 3817; x_wconf 80' lang='lat' dir='ltr'><strong>dalmaticas</strong></span> <span class='ocrx_word' id='word_1_187' title='bbox 626 3761 672 3811; x_wconf 90' lang='lat' dir='ltr'><strong>ex</strong></span> <span class='ocrx_word' id='word_1_188' title='bbox 689 3761 777 3811; x_wconf 87' lang='lat' dir='ltr'><strong>auro</strong></span> <span class='ocrx_word' id='word_1_189' title='bbox 793 3738 916 3810; x_wconf 87' lang='lat' dir='ltr'><strong>textili</strong></span> <span class='ocrx_word' id='word_1_190' title='bbox 927 3734 1085 3833; x_wconf 89' lang='lat' dir='ltr'><strong>precioso</strong></span> <span class='ocrx_word' id='word_1_191' title='bbox 1102 3758 1186 3808; x_wconf 88' lang='lat' dir='ltr'><strong>cum</strong></span> <span class='ocrx_word' id='word_1_192' title='bbox 1199 3736 1393 3810; x_wconf 84' lang='lat' dir='ltr'><strong>eamndem</strong></span> <span class='ocrx_word' id='word_1_193' title='bbox 1407 3740 1530 3832; x_wconf 86' lang='lat' dir='ltr'><strong>orau&#39;ja</strong></span> <span class='ocrx_word' id='word_1_194' title='bbox 1541 3740 1733 3834; x_wconf 77' lang='lat' dir='ltr'><strong>manipulis</strong></span> 
     </span>
     <span class='ocr_line' id='line_1_29' title="bbox 399 3850 1063 3944; baseline -0.011 -16"><span class='ocrx_word' id='word_1_195' title='bbox 399 3855 492 3928; x_wconf 83' lang='lat' dir='ltr'><strong>albis</strong></span> <span class='ocrx_word' id='word_1_196' title='bbox 508 3853 607 3930; x_wconf 83' lang='lat' dir='ltr'><strong>conis</strong></span> <span class='ocrx_word' id='word_1_197' title='bbox 623 3860 663 3925; x_wconf 93' lang='lat' dir='ltr'><strong>et</strong></span> <span class='ocrx_word' id='word_1_198' title='bbox 679 3850 759 3944; x_wconf 77' lang='lat' dir='ltr'><strong>aliJe</strong></span> <span class='ocrx_word' id='word_1_199' title='bbox 775 3851 1037 3924; x_wconf 77' lang='lat' dir='ltr'><strong>decoramentis</strong></span> <span class='ocrx_word' id='word_1_200' title='bbox 1054 3887 1063 3906; x_wconf 90' lang='lat'><strong>·</strong></span> 
     </span>
    </p>

    <p class='ocr_par' dir='ltr' id='par_1_15' title="bbox 360 3960 1735 4287">
     <span class='ocr_line' id='line_1_30' title="bbox 450 3960 1734 4056; baseline -0.002 -17"><span class='ocrx_word' id='word_1_201' title='bbox 450 3965 547 4039; x_wconf 88' lang='lat' dir='ltr'><strong>Item</strong></span> <span class='ocrx_word' id='word_1_202' title='bbox 560 3985 608 4036; x_wconf 89' lang='lat' dir='ltr'><strong>ex</strong></span> <span class='ocrx_word' id='word_1_203' title='bbox 622 3964 751 4035; x_wconf 90' lang='lat' dir='ltr'><strong>eodem</strong></span> <span class='ocrx_word' id='word_1_204' title='bbox 763 3985 851 4034; x_wconf 86' lang='lat' dir='ltr'><strong>auro</strong></span> <span class='ocrx_word' id='word_1_205' title='bbox 865 3962 987 4036; x_wconf 85' lang='lat' dir='ltr'><strong>textili</strong></span> <span class='ocrx_word' id='word_1_206' title='bbox 1000 3971 1157 4056; x_wconf 76' lang='lat' dir='ltr'><strong>quatuor</strong></span> <span class='ocrx_word' id='word_1_207' title='bbox 1168 3960 1429 4055; x_wconf 89' lang='lat' dir='ltr'><strong>puluinariaad</strong></span> <span class='ocrx_word' id='word_1_208' title='bbox 1442 3963 1734 4037; x_wconf 87' lang='lat' dir='ltr'><strong>decoramentum</strong></span> 
     </span>
     <span class='ocr_line' id='line_1_31' title="bbox 401 4070 1735 4170; baseline -0.004 -16"><span class='ocrx_word' id='word_1_209' title='bbox 401 4078 545 4154; x_wconf 83' lang='lat' dir='ltr'><strong>maioris</strong></span> <span class='ocrx_word' id='word_1_210' title='bbox 572 4075 696 4148; x_wconf 85' lang='lat' dir='ltr'><strong>alteria</strong></span> <span class='ocrx_word' id='word_1_211' title='bbox 723 4097 794 4146; x_wconf 80' lang='lat' dir='ltr'><strong>vna</strong></span> <span class='ocrx_word' id='word_1_212' title='bbox 819 4097 904 4147; x_wconf 87' lang='lat' dir='ltr'><strong>cum</strong></span> <span class='ocrx_word' id='word_1_213' title='bbox 933 4070 1079 4148; x_wconf 78' lang='lat' dir='ltr'><strong>custode</strong></span> <span class='ocrx_word' id='word_1_214' title='bbox 1110 4071 1348 4168; x_wconf 79' lang='lat' dir='ltr'><strong>corporalium</strong></span> <span class='ocrx_word' id='word_1_215' title='bbox 1375 4084 1415 4146; x_wconf 93' lang='lat' dir='ltr'><strong>et</strong></span> <span class='ocrx_word' id='word_1_216' title='bbox 1440 4071 1637 4148; x_wconf 79' lang='lat' dir='ltr'><strong>sandalium</strong></span> <span class='ocrx_word' id='word_1_217' title='bbox 1670 4099 1735 4170; x_wconf 86' lang='lat' dir='ltr'><strong>pro</strong></span> 
     </span>
     <span class='ocr_line' id='line_1_32' title="bbox 360 4185 1182 4287; baseline -0.007 -24"><span class='ocrx_word' id='word_1_218' title='bbox 360 4235 366 4248; x_wconf 47' lang='grc' dir='ltr'><em>ι</em></span> <span class='ocrx_word' id='word_1_219' title='bbox 400 4188 572 4287; x_wconf 84' lang='lat' dir='ltr'><strong>pontifice</strong></span> <span class='ocrx_word' id='word_1_220' title='bbox 587 4186 719 4279; x_wconf 85' lang='lat' dir='ltr'><strong>quibua</strong></span> <span class='ocrx_word' id='word_1_221' title='bbox 733 4185 929 4258; x_wconf 85' lang='lat' dir='ltr'><strong>honorifice</strong></span> <span class='ocrx_word' id='word_1_222' title='bbox 944 4194 1157 4280; x_wconf 84' lang='lat' dir='ltr'><strong>preparatur</strong></span> <span class='ocrx_word' id='word_1_223' title='bbox 1172 4225 1182 4245; x_wconf 90' lang='lat'><strong>·</strong></span> 
     </span>
    </p>

    <p class='ocr_par' dir='ltr' id='par_1_16' title="bbox 401 4297 1738 4624">
     <span class='ocr_line' id='line_1_33' title="bbox 452 4297 1736 4394; baseline 0.003 -22"><span class='ocrx_word' id='word_1_224' title='bbox 452 4301 549 4374; x_wconf 89' lang='lat' dir='ltr'><strong>Item</strong></span> <span class='ocrx_word' id='word_1_225' title='bbox 561 4321 627 4394; x_wconf 90' lang='lat' dir='ltr'><strong>pro</strong></span> <span class='ocrx_word' id='word_1_226' title='bbox 640 4298 861 4371; x_wconf 84' lang='lat' dir='ltr'><strong>indumentis</strong></span> <span class='ocrx_word' id='word_1_227' title='bbox 872 4297 1054 4392; x_wconf 84' lang='lat' dir='ltr'><strong>pontificia</strong></span> <span class='ocrx_word' id='word_1_228' title='bbox 1066 4298 1290 4392; x_wconf 83' lang='lat' dir='ltr'><strong>temporibus</strong></span> <span class='ocrx_word' id='word_1_229' title='bbox 1302 4298 1552 4394; x_wconf 79' lang='lat' dir='ltr'><strong>principalium</strong></span> <span class='ocrx_word' id='word_1_230' title='bbox 1564 4299 1736 4376; x_wconf 84' lang='lat' dir='ltr'><strong>festorum</strong></span> 
     </span>
     <span class='ocr_line' id='line_1_34' title="bbox 403 4406 1738 4511; baseline -0.001 -22"><span class='ocrx_word' id='word_1_231' title='bbox 403 4413 620 4489; x_wconf 86' lang='lat' dir='ltr'><strong>celebrantia</strong></span> <span class='ocrx_word' id='word_1_232' title='bbox 635 4409 848 4484; x_wconf 80' lang='lat' dir='ltr'><strong>tunicellam</strong></span> <span class='ocrx_word' id='word_1_233' title='bbox 864 4419 903 4482; x_wconf 87' lang='lat' dir='ltr'><strong>ct</strong></span> <span class='ocrx_word' id='word_1_234' title='bbox 919 4409 1148 4483; x_wconf 88' lang='lat' dir='ltr'><strong>dalmaticam</strong></span> <span class='ocrx_word' id='word_1_235' title='bbox 1167 4433 1213 4483; x_wconf 90' lang='lat' dir='ltr'><strong>ex</strong></span> <span class='ocrx_word' id='word_1_236' title='bbox 1231 4406 1318 4483; x_wconf 82' lang='lat' dir='ltr'><strong>bisso</strong></span> <span class='ocrx_word' id='word_1_237' title='bbox 1343 4410 1535 4486; x_wconf 86' lang='lat' dir='ltr'><strong>dammaiie</strong></span> <span class='ocrx_word' id='word_1_238' title='bbox 1557 4439 1641 4487; x_wconf 90' lang='lat' dir='ltr'><strong>cum</strong></span> <span class='ocrx_word' id='word_1_239' title='bbox 1658 4441 1738 4511; x_wconf 89' lang='lat' dir='ltr'><strong>pre-</strong></span> 
     </span>
     <span class='ocr_line' id='line_1_35' title="bbox 401 4520 1115 4624; baseline -0.007 -25"><span class='ocrx_word' id='word_1_240' title='bbox 401 4524 621 4624; x_wconf 83' lang='lat' dir='ltr'><strong>paramentic</strong></span> <span class='ocrx_word' id='word_1_241' title='bbox 638 4520 771 4594; x_wconf 79' lang='lat' dir='ltr'><strong>eisdem</strong></span> <span class='ocrx_word' id='word_1_242' title='bbox 788 4521 1088 4595; x_wconf 81' lang='lat' dir='ltr'><strong>conuenientibus</strong></span> <span class='ocrx_word' id='word_1_243' title='bbox 1106 4563 1115 4580; x_wconf 93' lang='lat'><strong>·</strong></span> 
     </span>
    </p>
   </div>
   <div class='ocr_carea' id='block_1_3' title="bbox 0 0 2058 5534">
    <p class='ocr_par' dir='ltr' id='par_1_17' title="bbox 0 0 2058 5534">
     <span class='ocr_line' id='line_1_36' title="bbox 0 0 2058 5534; baseline 0 0"><span class='ocrx_word' id='word_1_244' title='bbox 0 0 2058 5534; x_wconf 95' lang='lat' dir='ltr'><strong> </strong></span> 
     </span>
    </p>
   </div>
  </div>
 </body>
</html>
