4050 5534
441 653 513 726 274
955 638 1264 716 REGISTRUM
1626 645 1781 742 [seeum

441 867 552 916 vnum
576 842 736 916 riuulum
760 843 823 936 qui
847 849 998 916 voautur
1022 839 1195 938 Contolly
1210 841 1273 936 qui
1297 839 1482 918 deseendit
1498 843 1538 916 in
1554 839 1675 916 laeum
1691 845 1781 920 infe-

440 957 572 1030 riorem
588 956 634 1029 de
651 953 858 1029 Lumfonan
874 962 915 1030 et
930 954 985 1027 ito
999 955 1041 1026 in
1057 953 1175 1028 ultum
1191 975 1258 1050 per
1273 953 1410 1030 diuum
1432 953 1593 1028 riuulum
1610 954 1720 1050 vsqne
1735 957 1780 1029 ad

372 1142 379 1148 .
441 1069 634 1164 quemdum
661 1067 821 1162 lapidem
852 1068 916 1160 qui
948 1073 1100 1140 vooatur
1124 1065 1285 1162 Quynok
1314 1075 1354 1140 et
1386 1068 1531 1142 aditio
1564 1067 1685 1163 lapide
1717 1091 1781 1164 per

442 1181 622 1276 quoddam
640 1188 746 1252 uetus
770 1181 842 1252 iter
865 1176 977 1274 vsque
992 1177 1039 1252 ud
1056 1179 1250 1274 quemdam
1267 1175 1450 1254 marissum
1472 1183 1570 1254 inter
1587 1179 1780 1276 Morohory

442 1302 481 1367 et
498 1291 696 1366 Potkellok
708 1287 988 1364 deseendentem
1003 1290 1052 1364 ud
1064 1291 1258 1385 quemdam
1268 1291 1429 1365 rinulum
1444 1293 1507 1387 qui
1524 1301 1676 1366 voantur
1691 1292 1781 1367 Hal·

442 1403 546 1478 dikat
563 1413 603 1477 et
617 1428 683 1499 per
699 1401 880 1476 Huldikat
903 1399 1090 1498 quousque
1115 1399 1255 1478 Glullet
1280 1399 1466 1478 deseendit
1481 1405 1521 1476 in
1538 1403 1720 1480 Huldikat
1743 1417 1780 1480 et

378 1569 385 1582 .
443 1512 492 1589 sio
508 1539 532 1588 u
546 1511 686 1590 Gluffet
701 1511 812 1610 usque
828 1515 875 1588 ad
891 1524 997 1588 vetus
1012 1514 1086 1588 iter
1101 1513 1198 1608 quod
1214 1511 1400 1590 deseendit
1416 1513 1537 1590 versus
1552 1515 1726 1614 Bellotyn
1743 1529 1780 1590 et

444 1634 497 1702 ito
512 1653 536 1702 a
550 1630 646 1702 ditio
670 1630 802 1701 itinere
823 1622 1072 1702 deseendeudo
1087 1627 1135 1701 od
1159 1630 1353 1722 quemdum
1377 1627 1539 1702 riuulum
1554 1633 1617 1724 qui
1634 1644 1781 1706 vocatur

444 1739 610 1836 Donerty
641 1749 682 1814 at
713 1741 768 1814 ita
805 1739 943 1813 distum
976 1738 1136 1813 riuulum
1176 1737 1357 1835 sequendo
1391 1737 1575 1836 quousque
1616 1741 1781 1841 Donerty

444 1851 628 1928 deseendit
654 1853 694 1924 in
720 1852 914 1946 quemdam
939 1850 1100 1924 riuulum
1124 1853 1188 1947 qui
1205 1861 1354 1928 vocatur
1380 1851 1552 1951 Pelgonir
1572 1857 1695 1929 ,et-itu
1717 1881 1781 1952 per

443 1967 601 2041 mediam
633 1963 861 2038 Monmnden
893 1961 1005 2060 osque
1037 1963 1084 2037 od
1118 1965 1311 2058 quemdam
1344 1964 1504 2038 riuulum
1537 1969 1600 2060 qui
1632 1979 1781 2042 vocatur

444 2076 638 2174 Donysohy
666 2078 730 2172 qui
757 2075 945 2151 deseendit
969 2076 1009 2149 in
1036 2075 1157 2150 laeum
1189 2080 1252 2172 qui
1279 2085 1429 2152 vocatur
1454 2076 1641 2175 Longyter
1665 2091 1706 2154 et
1730 2083 1781 2154 ita

444 2190 693 2265 descendendo
716 2211 784 2285 per
804 2185 942 2284 Donisy
957 2186 1067 2282 vsque
1091 2187 1137 2262 ud
1163 2190 1279 2285 capud
1304 2191 1349 2265 de
1373 2188 1566 2286 'l'oliboyer
1592 2203 1631 2266 et
1648 2217 1671 2266 a
1686 2193 1782 2266 Toli-

444 2305 555 2400 boyer
578 2325 645 2399 per
669 2302 864 2397 quemdam
885 2300 1046 2376 riuulum
1067 2304 1130 2396 qni
1156 2309 1307 2376 vooetur
1331 2303 1469 2398 Dierdy
1493 2305 1557 2398 qui
1581 2307 1693 2380 oursit
1717 2329 1783 2402 per

443 2418 605 2490 medium
621 2413 821 2488 Dnndarun
836 2451 848 2473 ·
864 2415 919 2487 ita
933 2412 1184 2489 descendendo
1209 2419 1247 2490 in
1272 2413 1353 2490 Dee
1374 2417 1414 2490 in
1439 2417 1521 2490 loco
1534 2419 1607 2511 qni
1632 2429 1782 2491 vocatur

443 2525 626 2603 Collestan
649 2550 734 2602 oum
756 2526 925 2600 omnibus
949 2527 1181 2624 pertinentijs
1204 2536 1243 2602 et
1267 2524 1497 2624 aydamentis
1522 2531 1718 2603 earundem
1743 2533 1780 2602 in

442 2641 556 2737 pratis
579 2638 717 2736 pascuis
740 2641 850 2712 moris
877 2634 1035 2732 maresijs
1058 2635 1173 2714 boscis
1196 2639 1356 2737 pisaurijs
1382 2639 1449 2734 vijs
1472 2637 1608 2714 semitis
1628 2640 1780 2736 pastona

442 2753 695 2826 venationibus
709 2747 844 2847 stagnis
856 2759 895 2823 et
907 2749 1125 2826 molendinis
1142 2775 1226 2826 oum
1243 2752 1409 2826 omnibus
1423 2751 1505 2848 ulijs
1518 2776 1588 2847 que
1606 2755 1652 2826 od
1669 2753 1780 2828 diues

443 2876 556 2940 terrae
573 2863 666 2938 iuste
690 2867 878 2960 pertinent
901 2872 967 2938 aut
990 2863 1031 2936 iu
1049 2859 1238 2958 posterum
1255 2865 1436 2960 pertinere
1460 2865 1623 2960 poterint
1640 2903 1651 2925 ·
1668 2865 1779 2940 Dedi-

442 3001 524 3052 mua
558 2977 702 3072 insuper
731 2986 772 3049 et
803 2969 1037 3050 concessamus
1071 2973 1168 3050 uuo
1196 2973 1364 3072 hospitali
1398 2975 1445 3050 ud
1481 2971 1778 3052 sustentationem

443 3091 595 3164 fratrum
633 3089 715 3162 Deo
748 3099 787 3162 et
820 3089 928 3161 beate
961 3084 1082 3162 Murio
1119 3089 1255 3164 ibidem
1293 3087 1530 3162 seruientium
1565 3090 1778 3163 austeritate

442 3201 658 3276 venerabilis
683 3202 796 3296 putris
829 3197 860 3272 P
894 3237 904 3259 ·
930 3195 1002 3272 Dei
1030 3203 1148 3296 gratia
1176 3198 1445 3276 Aberdonenfis
1480 3199 1636 3297 episcopi
1670 3205 1779 3277 inter·

426 3315 616 3392 ,ueniente
644 3321 685 3386 et
712 3307 851 3384 offensu
879 3333 947 3384 neo
975 3334 1050 3384 non
1081 3322 1120 3387 et
1148 3313 1298 3410 capituli
1328 3311 1597 3388 Aberdonensss
1630 3313 1778 3390 ecclesie

443 3427 639 3500 eooedente
663 3421 834 3498 oonsansu
860 3417 1048 3496 eoolefiom
1065 3423 1111 3498 de
1128 3423 1350 3522 Kynoardyn
1375 3425 1482 3499 onele
1508 3449 1593 3499 oum
1613 3429 1777 3502 ommbus

442 3536 514 3610 suis
537 3534 766 3632 pertinentijs
782 3544 822 3608 ot
837 3535 927 3607 duas
951 3557 1051 3609 acras
1073 3537 1260 3632 inquibus
1284 3533 1351 3612 suta
1374 3535 1429 3612 est
1455 3531 1604 3612 eeolefia
1620 3539 1666 3612 de
1683 3539 1778 3612 non-

441 3652 550 3723 fauon
576 3670 660 3722 oum
683 3649 762 3721 iuro
785 3654 998 3742 potronatus
1026 3645 1186 3722 eiusdem
1210 3645 1360 3724 eoeleste
1384 3671 1469 3722 oum
1494 3649 1634 3746 ospello
1649 3647 1712 3724 sua
1733 3652 1777 3724 de

443 3761 621 3855 Forthery
636 3760 683 3833 od
699 3759 851 3833 eandem
868 3754 1056 3832 ooolollom
1079 3759 1263 3855 speuante
1279 3769 1319 3835 et
1335 3783 1419 3835 eum
1435 3761 1604 3834 omnibus
1630 3763 1777 3836 decimis

441 3873 718 3948 mdbtudinibus
731 3870 962 3945 libertatibus
977 3881 1017 3946 et
1034 3871 1115 3967 alijs
1125 3873 1355 3969 pertinentijs
1371 3873 1417 3946 ud
1435 3873 1547 3946 ditias
1559 3869 1726 3947 ecelesias
1738 3885 1777 3947 et

442 3985 617 4082 aspellam
644 3981 739 4058 iuste
762 3981 1006 4079 speumtibus
1032 4025 1042 4046 ·
1067 3981 1129 4057 Ito
1153 3981 1289 4060 seilicet
1315 3985 1413 4080 quod
1439 3981 1577 4060 didium
1601 3982 1775 4080 hospitale

441 4109 480 4173 et
506 4099 636 4172 fratres
660 4093 818 4170 eiusdem
846 4094 1034 4191 hospitalis
1059 4099 1182 4170 omnio
1208 4097 1302 4170 bona
1330 4094 1505 4169 didonem
1536 4103 1712 4170 terrarum
1736 4109 1776 4169 et

440 4206 670 4284 ecelesiarum
686 4232 753 4305 pro
768 4206 884 4282 salute
908 4205 1030 4283 nostra
1046 4217 1085 4282 et
1102 4203 1362 4282 antecessorum
1378 4217 1490 4304 utque
1507 4207 1680 4280 horedum
1698 4206 1776 4280 nos-

440 4337 578 4398 trorum
603 4317 669 4396 fibi
694 4330 843 4395 teneant
859 4330 900 4394 et
915 4318 1118 4416 poffideant
1135 4325 1173 4394 in
1190 4321 1340 4396 liberam
1364 4341 1491 4414 puram
1507 4329 1546 4392 et
1564 4329 1775 4414 perpetuam

440 4431 670 4509 elemosinam
696 4434 787 4507 adeo
810 4434 925 4508 libera
951 4442 992 4507 et
1016 4435 1140 4528 quiete
1165 4432 1325 4529 plenarie
1351 4434 1492 4528 integre
1515 4439 1554 4504 et
1581 4431 1774 4506 honorilice

439 4544 532 4620 ficut
548 4545 667 4638 aliqua
683 4542 877 4618 elemosina
892 4569 915 4618 a
930 4545 1124 4619 collatione
1147 4545 1298 4620 alieuius
1323 4544 1465 4617 baronis
1490 4543 1529 4614 in
1554 4551 1634 4615 toto
1663 4565 1773 4640 regno
