<?xml version="1.0" encoding="UTF-8"?>
<!DOCTYPE html PUBLIC "-//W3C//DTD XHTML 1.0 Transitional//EN"
    "http://www.w3.org/TR/xhtml1/DTD/xhtml1-transitional.dtd">
<html xmlns="http://www.w3.org/1999/xhtml" xml:lang="en" lang="en">
 <head>
  <title>
</title>
<meta http-equiv="Content-Type" content="text/html;charset=utf-8" />
  <meta name='ocr-system' content='tesseract 3.04.00' />
  <meta name='ocr-capabilities' content='ocr_page ocr_carea ocr_par ocr_line ocrx_word'/>
</head>
<body>
  <div class='ocr_page' id='page_1' title='image "./registrumepisco02innegoog_0208.png"; bbox 0 0 4050 5534; ppageno 0'>
   <div class='ocr_carea' id='block_1_1' title="bbox 462 599 1799 701">
    <p class='ocr_par' dir='ltr' id='par_1_1' title="bbox 462 599 1799 701">
     <span class='ocr_line' id='line_1_1' title="bbox 462 599 1799 701; baseline 0.001 -26"><span class='ocrx_word' id='word_1_1' title='bbox 462 612 531 678; x_wconf 71' lang='lat'>139</span> <span class='ocrx_word' id='word_1_2' title='bbox 977 599 1281 675; x_wconf 81' lang='lat' dir='ltr'>REGIS&#39;I&#39;RUM</span> <span class='ocrx_word' id='word_1_3' title='bbox 1645 606 1799 701; x_wconf 80' lang='lat' dir='ltr'>[ancum</span> 
     </span>
    </p>
   </div>
   <div class='ocr_carea' id='block_1_2' title="bbox 465 798 1800 1237">
    <p class='ocr_par' dir='ltr' id='par_1_2' title="bbox 465 798 1799 1012">
     <span class='ocr_line' id='line_1_2' title="bbox 465 798 1799 899; baseline 0.001 -23"><span class='ocrx_word' id='word_1_4' title='bbox 465 804 591 877; x_wconf 90' lang='lat' dir='ltr'>Vnum</span> <span class='ocrx_word' id='word_1_5' title='bbox 618 804 815 899; x_wconf 74' lang='lat' dir='ltr'>temporale</span> <span class='ocrx_word' id='word_1_6' title='bbox 848 802 893 877; x_wconf 90' lang='lat' dir='ltr'>cd</span> <span class='ocrx_word' id='word_1_7' title='bbox 923 798 1068 875; x_wconf 88' lang='lat' dir='ltr'>stallum</span> <span class='ocrx_word' id='word_1_8' title='bbox 1095 800 1251 875; x_wconf 78' lang='lat' dir='ltr'>declat</span> <span class='ocrx_word' id='word_1_9' title='bbox 1283 802 1458 875; x_wconf 83' lang='lat' dir='ltr'>donatum</span> <span class='ocrx_word' id='word_1_10' title='bbox 1483 826 1548 897; x_wconf 85' lang='lat' dir='ltr'>per</span> <span class='ocrx_word' id='word_1_11' title='bbox 1569 804 1727 876; x_wconf 88' lang='lat' dir='ltr'>eundem</span> <span class='ocrx_word' id='word_1_12' title='bbox 1761 808 1799 877; x_wconf 91' lang='lat' dir='ltr'>in</span> 
     </span>
     <span class='ocr_line' id='line_1_3' title="bbox 513 913 1021 1012; baseline 0.004 -27"><span class='ocrx_word' id='word_1_13' title='bbox 513 913 668 989; x_wconf 89' lang='lat' dir='ltr'>secundo</span> <span class='ocrx_word' id='word_1_14' title='bbox 686 916 771 988; x_wconf 87' lang='lat' dir='ltr'>folio</span> <span class='ocrx_word' id='word_1_15' title='bbox 793 914 1021 1012; x_wconf 57' lang='lat' dir='ltr'>respodeo·</span> 
     </span>
    </p>

    <p class='ocr_par' dir='ltr' id='par_1_3' title="bbox 466 1024 1800 1237">
     <span class='ocr_line' id='line_1_4' title="bbox 466 1024 1799 1102; baseline 0 -1"><span class='ocrx_word' id='word_1_16' title='bbox 466 1028 591 1101; x_wconf 89' lang='lat' dir='ltr'>Vnum</span> <span class='ocrx_word' id='word_1_17' title='bbox 609 1028 826 1102; x_wconf 86' lang='lat' dir='ltr'>breuiarium</span> <span class='ocrx_word' id='word_1_18' title='bbox 843 1028 888 1099; x_wconf 87' lang='lat' dir='ltr'>nd</span> <span class='ocrx_word' id='word_1_19' title='bbox 906 1026 1020 1099; x_wconf 84' lang='lat' dir='ltr'>altare</span> <span class='ocrx_word' id='word_1_20' title='bbox 1037 1024 1157 1098; x_wconf 70' lang='lat' dir='ltr'>sanai</span> <span class='ocrx_word' id='word_1_21' title='bbox 1178 1024 1327 1099; x_wconf 84' lang='lat' dir='ltr'>Andree</span> <span class='ocrx_word' id='word_1_22' title='bbox 1342 1028 1382 1098; x_wconf 90' lang='lat' dir='ltr'>in</span> <span class='ocrx_word' id='word_1_23' title='bbox 1399 1024 1554 1101; x_wconf 87' lang='lat' dir='ltr'>secundo</span> <span class='ocrx_word' id='word_1_24' title='bbox 1571 1028 1658 1100; x_wconf 88' lang='lat' dir='ltr'>folio</span> <span class='ocrx_word' id='word_1_25' title='bbox 1674 1027 1799 1101; x_wconf 79' lang='lat' dir='ltr'>Potn&#39;o</span> 
     </span>
     <span class='ocr_line' id='line_1_5' title="bbox 513 1134 1800 1237; baseline -0.001 -24"><span class='ocrx_word' id='word_1_26' title='bbox 513 1144 696 1213; x_wconf 70' lang='lat' dir='ltr'>mononis</span> <span class='ocrx_word' id='word_1_27' title='bbox 714 1141 781 1237; x_wconf 87' lang='lat' dir='ltr'>[ex</span> <span class='ocrx_word' id='word_1_28' title='bbox 794 1140 989 1213; x_wconf 76' lang='lat' dir='ltr'><strong>donatione</strong></span> <span class='ocrx_word' id='word_1_29' title='bbox 1005 1134 1184 1231; x_wconf 86' lang='lat' dir='ltr'>eiusdem]</span> <span class='ocrx_word' id='word_1_30' title='bbox 1198 1174 1208 1195; x_wconf 88' lang='lat'><strong>·</strong></span> <span class='ocrx_word' id='word_1_31' title='bbox 1221 1146 1260 1209; x_wconf 88' lang='lat' dir='ltr'>et</span> <span class='ocrx_word' id='word_1_32' title='bbox 1271 1136 1478 1233; x_wconf 73' lang='lat' dir='ltr'>psalterium</span> <span class='ocrx_word' id='word_1_33' title='bbox 1491 1142 1530 1212; x_wconf 92' lang='lat' dir='ltr'>in</span> <span class='ocrx_word' id='word_1_34' title='bbox 1542 1139 1698 1215; x_wconf 87' lang='lat' dir='ltr'>secundo</span> <span class='ocrx_word' id='word_1_35' title='bbox 1714 1142 1800 1213; x_wconf 85' lang='lat' dir='ltr'>lolio</span> 
     </span>
    </p>
   </div>
   <div class='ocr_carea' id='block_1_3' title="bbox 353 1249 1798 1349">
    <p class='ocr_par' dir='ltr' id='par_1_4' title="bbox 353 1249 1798 1349">
     <span class='ocr_line' id='line_1_6' title="bbox 353 1249 1798 1349; baseline 0.002 -25"><span class='ocrx_word' id='word_1_36' title='bbox 353 1298 354 1301; x_wconf 59' lang='lat'><em>=</em></span> <span class='ocrx_word' id='word_1_37' title='bbox 514 1250 586 1349; x_wconf 71' lang='lat' dir='ltr'>Ipfi</span> <span class='ocrx_word' id='word_1_38' title='bbox 596 1249 1311 1348; x_wconf 75' lang='lat' dir='ltr'>indeoet&#39;ncligandnmadbeneplacitum</span> <span class='ocrx_word' id='word_1_39' title='bbox 1321 1250 1620 1349; x_wconf 79' lang='lat' dir='ltr'>filijenimchstri</span> <span class='ocrx_word' id='word_1_40' title='bbox 1631 1254 1798 1327; x_wconf 88' lang='lat' dir='ltr'>Duncani</span> 
     </span>
    </p>
   </div>
   <div class='ocr_carea' id='block_1_4' title="bbox 516 1360 1771 1460">
    <p class='ocr_par' dir='ltr' id='par_1_5' title="bbox 516 1360 1771 1460">
     <span class='ocr_line' id='line_1_7' title="bbox 516 1360 1771 1460; baseline 0.002 -23"><span class='ocrx_word' id='word_1_41' title='bbox 516 1364 688 1437; x_wconf 82' lang='lat' dir='ltr'>Scherare</span> <span class='ocrx_word' id='word_1_42' title='bbox 706 1367 851 1437; x_wconf 74' lang='lat' dir='ltr'>neoterio</span> <span class='ocrx_word' id='word_1_43' title='bbox 869 1364 914 1438; x_wconf 90' lang='lat' dir='ltr'>de</span> <span class='ocrx_word' id='word_1_44' title='bbox 931 1362 1016 1435; x_wconf 88' lang='lat' dir='ltr'>Clat</span> <span class='ocrx_word' id='word_1_45' title='bbox 1035 1363 1127 1459; x_wconf 92' lang='lat' dir='ltr'>[non</span> <span class='ocrx_word' id='word_1_46' title='bbox 1144 1362 1318 1436; x_wconf 81' lang='lat' dir='ltr'>naturalia</span> <span class='ocrx_word' id='word_1_47' title='bbox 1334 1360 1394 1436; x_wconf 88' lang='lat' dir='ltr'>sed</span> <span class='ocrx_word' id='word_1_48' title='bbox 1411 1388 1476 1459; x_wconf 89' lang='lat' dir='ltr'>par</span> <span class='ocrx_word' id='word_1_49' title='bbox 1492 1367 1723 1460; x_wconf 88' lang='lat' dir='ltr'>adoptionem</span> <span class='ocrx_word' id='word_1_50' title='bbox 1741 1365 1771 1460; x_wconf 91' lang='lat'>·]</span> 
     </span>
    </p>
   </div>
   <div class='ocr_carea' id='block_1_5' title="bbox 823 1702 1437 1797">
    <p class='ocr_par' dir='ltr' id='par_1_6' title="bbox 823 1702 1437 1797">
     <span class='ocr_line' id='line_1_8' title="bbox 823 1702 1437 1797; baseline 0 -24"><span class='ocrx_word' id='word_1_51' title='bbox 823 1702 1007 1797; x_wconf 76' lang='lat' dir='ltr'>Incipiunt</span> <span class='ocrx_word' id='word_1_52' title='bbox 1025 1721 1130 1772; x_wconf 78' lang='lat' dir='ltr'>amm</span> <span class='ocrx_word' id='word_1_53' title='bbox 1148 1718 1254 1773; x_wconf 79' lang='lat' dir='ltr'>mma</span> <span class='ocrx_word' id='word_1_54' title='bbox 1269 1720 1412 1773; x_wconf 83' lang='lat' dir='ltr'>c1o1n1a</span> <span class='ocrx_word' id='word_1_55' title='bbox 1429 1742 1437 1759; x_wconf 92' lang='lat'><strong>·</strong></span> 
     </span>
    </p>
   </div>
   <div class='ocr_carea' id='block_1_6' title="bbox 463 1922 1801 3706">
    <p class='ocr_par' dir='ltr' id='par_1_7' title="bbox 466 1922 1748 2023">
     <span class='ocr_line' id='line_1_9' title="bbox 466 1922 1748 2023; baseline 0.005 -27"><span class='ocrx_word' id='word_1_56' title='bbox 466 1924 663 2022; x_wconf 83' lang='lat' dir='ltr'>Degestum</span> <span class='ocrx_word' id='word_1_57' title='bbox 689 1936 793 1999; x_wconf 86' lang='lat' dir='ltr'>vetua</span> <span class='ocrx_word' id='word_1_58' title='bbox 810 1927 984 2020; x_wconf 83' lang='lat' dir='ltr'>inpriena</span> <span class='ocrx_word' id='word_1_59' title='bbox 999 1927 1040 1997; x_wconf 92' lang='lat' dir='ltr'>in</span> <span class='ocrx_word' id='word_1_60' title='bbox 1057 1924 1212 1997; x_wconf 87' lang='lat' dir='ltr'>seeundo</span> <span class='ocrx_word' id='word_1_61' title='bbox 1229 1925 1316 1997; x_wconf 89' lang='lat' dir='ltr'>folio</span> <span class='ocrx_word' id='word_1_62' title='bbox 1332 1922 1536 2023; x_wconf 66' lang='lat' dir='ltr'>Nffmrum</span> <span class='ocrx_word' id='word_1_63' title='bbox 1552 1926 1723 2002; x_wconf 69' lang='lat' dir='ltr'>ordeacio</span> <span class='ocrx_word' id='word_1_64' title='bbox 1739 1972 1748 1989; x_wconf 87' lang='lat'><strong>·</strong></span> 
     </span>
    </p>

    <p class='ocr_par' dir='ltr' id='par_1_8' title="bbox 465 2034 1801 2247">
     <span class='ocr_line' id='line_1_10' title="bbox 465 2034 1801 2134; baseline 0.004 -25"><span class='ocrx_word' id='word_1_65' title='bbox 465 2038 619 2111; x_wconf 72' lang='lat' dir='ltr'>bellura</span> <span class='ocrx_word' id='word_1_66' title='bbox 631 2038 734 2132; x_wconf 90' lang='lat' dir='ltr'>super</span> <span class='ocrx_word' id='word_1_67' title='bbox 744 2039 867 2111; x_wconf 90' lang='lat' dir='ltr'>codice</span> <span class='ocrx_word' id='word_1_68' title='bbox 880 2039 1056 2132; x_wconf 84' lang='lat' dir='ltr'>inpriene</span> <span class='ocrx_word' id='word_1_69' title='bbox 1069 2034 1161 2110; x_wconf 79' lang='lat' dir='ltr'>Onm</span> <span class='ocrx_word' id='word_1_70' title='bbox 1168 2038 1242 2134; x_wconf 82' lang='lat' dir='ltr'>post</span> <span class='ocrx_word' id='word_1_71' title='bbox 1255 2078 1264 2095; x_wconf 93' lang='lat'><strong>·</strong></span> <span class='ocrx_word' id='word_1_72' title='bbox 1277 2047 1316 2109; x_wconf 91' lang='lat' dir='ltr'>et</span> <span class='ocrx_word' id='word_1_73' title='bbox 1328 2039 1364 2109; x_wconf 91' lang='lat' dir='ltr'>in</span> <span class='ocrx_word' id='word_1_74' title='bbox 1379 2037 1534 2111; x_wconf 87' lang='lat' dir='ltr'>secundo</span> <span class='ocrx_word' id='word_1_75' title='bbox 1545 2039 1630 2112; x_wconf 87' lang='lat' dir='ltr'>folio</span> <span class='ocrx_word' id='word_1_76' title='bbox 1642 2038 1801 2131; x_wconf 80' lang='lat' dir='ltr'>Qnoudo·</span> 
     </span>
     <span class='ocr_line' id='line_1_11' title="bbox 513 2152 754 2247; baseline 0.004 -25"><span class='ocrx_word' id='word_1_77' title='bbox 513 2174 576 2245; x_wconf 82' lang='lat' dir='ltr'>que</span> <span class='ocrx_word' id='word_1_78' title='bbox 587 2152 730 2247; x_wconf 80' lang='lat' dir='ltr'>ponitur</span> <span class='ocrx_word' id='word_1_79' title='bbox 746 2191 754 2207; x_wconf 93' lang='lat'><strong>·</strong></span> 
     </span>
    </p>

    <p class='ocr_par' dir='ltr' id='par_1_9' title="bbox 464 2250 1415 2359">
     <span class='ocr_line' id='line_1_12' title="bbox 464 2250 1415 2359; baseline -0.004 -24"><span class='ocrx_word' id='word_1_80' title='bbox 464 2250 671 2359; x_wconf 69' lang='lat' dir='ltr'>Apparatus</span> <span class='ocrx_word' id='word_1_81' title='bbox 688 2260 793 2357; x_wconf 88' lang='lat' dir='ltr'>snper</span> <span class='ocrx_word' id='word_1_82' title='bbox 810 2261 934 2335; x_wconf 83' lang='lat' dir='ltr'>codIce</span> <span class='ocrx_word' id='word_1_83' title='bbox 950 2270 990 2334; x_wconf 91' lang='lat' dir='ltr'>et</span> <span class='ocrx_word' id='word_1_84' title='bbox 1006 2261 1135 2353; x_wconf 81' lang='lat' dir='ltr'>incipit</span> <span class='ocrx_word' id='word_1_85' title='bbox 1150 2258 1239 2333; x_wconf 76' lang='lat' dir='ltr'>Jnn&#39;</span> <span class='ocrx_word' id='word_1_86' title='bbox 1253 2282 1388 2355; x_wconf 78' lang='lat' dir='ltr'>operam</span> <span class='ocrx_word' id='word_1_87' title='bbox 1406 2301 1415 2318; x_wconf 87' lang='lat'><strong>·</strong></span> 
     </span>
    </p>

    <p class='ocr_par' dir='ltr' id='par_1_10' title="bbox 465 2370 1799 2472">
     <span class='ocr_line' id='line_1_13' title="bbox 465 2370 1799 2472; baseline 0 -27"><span class='ocrx_word' id='word_1_88' title='bbox 465 2374 661 2472; x_wconf 85' lang='lat' dir='ltr'>Degestum</span> <span class='ocrx_word' id='word_1_89' title='bbox 690 2386 794 2447; x_wconf 82' lang='lat' dir='ltr'>vetus</span> <span class='ocrx_word' id='word_1_90' title='bbox 819 2374 946 2468; x_wconf 82' lang='lat' dir='ltr'>incipit</span> <span class='ocrx_word' id='word_1_91' title='bbox 973 2374 1011 2444; x_wconf 92' lang='lat' dir='ltr'>in</span> <span class='ocrx_word' id='word_1_92' title='bbox 1039 2371 1193 2445; x_wconf 89' lang='lat' dir='ltr'>secundo</span> <span class='ocrx_word' id='word_1_93' title='bbox 1222 2372 1309 2443; x_wconf 88' lang='lat' dir='ltr'>folio</span> <span class='ocrx_word' id='word_1_94' title='bbox 1339 2370 1441 2463; x_wconf 75' lang='lat' dir='ltr'>Quod</span> <span class='ocrx_word' id='word_1_95' title='bbox 1464 2377 1709 2451; x_wconf 72' lang='lat' dir='ltr'>commmiccrc</span> <span class='ocrx_word' id='word_1_96' title='bbox 1732 2403 1799 2450; x_wconf 68' lang='lat' dir='ltr'>om</span> 
     </span>
    </p>

    <p class='ocr_par' dir='ltr' id='par_1_11' title="bbox 594 2499 632 2562">
     <span class='ocr_line' id='line_1_14' title="bbox 594 2499 632 2562; baseline 0 -15"><span class='ocrx_word' id='word_1_97' title='bbox 594 2499 607 2562; x_wconf 71' lang='grc' dir='ltr'><em>ι</em></span> <span class='ocrx_word' id='word_1_98' title='bbox 624 2530 632 2547; x_wconf 95' lang='grc'><strong>.</strong></span> 
     </span>
    </p>

    <p class='ocr_par' dir='ltr' id='par_1_12' title="bbox 464 2489 1608 2697">
     <span class='ocr_line' id='line_1_15' title="bbox 464 2489 1608 2697; baseline -0.003 -24"><span class='ocrx_word' id='word_1_99' title='bbox 464 2489 661 2697; x_wconf 56' lang='lat' dir='ltr'>Depgllfistum</span> <span class='ocrx_word' id='word_1_100' title='bbox 679 2610 784 2671; x_wconf 83' lang='lat' dir='ltr'>vetus</span> <span class='ocrx_word' id='word_1_101' title='bbox 800 2597 975 2691; x_wconf 81' lang='lat' dir='ltr'>Incipiens</span> <span class='ocrx_word' id='word_1_102' title='bbox 991 2599 1029 2667; x_wconf 94' lang='lat' dir='ltr'>in</span> <span class='ocrx_word' id='word_1_103' title='bbox 1046 2594 1201 2669; x_wconf 87' lang='lat' dir='ltr'>secundo</span> <span class='ocrx_word' id='word_1_104' title='bbox 1219 2596 1304 2667; x_wconf 89' lang='lat' dir='ltr'>folio</span> <span class='ocrx_word' id='word_1_105' title='bbox 1322 2594 1423 2687; x_wconf 79' lang='lat' dir='ltr'>Quod</span> <span class='ocrx_word' id='word_1_106' title='bbox 1435 2597 1608 2693; x_wconf 72' lang='lat' dir='ltr'>constate-</span> 
     </span>
    </p>

    <p class='ocr_par' dir='ltr' id='par_1_13' title="bbox 464 2705 1799 2897">
     <span class='ocr_line' id='line_1_16' title="bbox 464 2705 1799 2809; baseline 0.004 -26"><span class='ocrx_word' id='word_1_107' title='bbox 464 2710 661 2809; x_wconf 80' lang='lat' dir='ltr'>Degestum</span> <span class='ocrx_word' id='word_1_108' title='bbox 676 2732 810 2783; x_wconf 87' lang='lat' dir='ltr'>nonum</span> <span class='ocrx_word' id='word_1_109' title='bbox 829 2734 875 2781; x_wconf 86' lang='lat' dir='ltr'>ex</span> <span class='ocrx_word' id='word_1_110' title='bbox 889 2710 1084 2782; x_wconf 84' lang='lat' dir='ltr'>donatione</span> <span class='ocrx_word' id='word_1_111' title='bbox 1094 2705 1252 2805; x_wconf 77' lang='lat' dir='ltr'>magistri</span> <span class='ocrx_word' id='word_1_112' title='bbox 1266 2708 1404 2780; x_wconf 88' lang='lat' dir='ltr'>Thome</span> <span class='ocrx_word' id='word_1_113' title='bbox 1418 2706 1581 2783; x_wconf 83' lang='lat' dir='ltr'>Forstare</span> <span class='ocrx_word' id='word_1_114' title='bbox 1591 2713 1628 2784; x_wconf 90' lang='lat' dir='ltr'>in</span> <span class='ocrx_word' id='word_1_115' title='bbox 1642 2711 1799 2787; x_wconf 87' lang='lat' dir='ltr'>secundo</span> 
     </span>
     <span class='ocr_line' id='line_1_17' title="bbox 512 2819 1033 2897; baseline -0.01 0"><span class='ocrx_word' id='word_1_116' title='bbox 512 2826 598 2897; x_wconf 85' lang='lat' dir='ltr'>folio</span> <span class='ocrx_word' id='word_1_117' title='bbox 617 2826 655 2896; x_wconf 89' lang='lat' dir='ltr'>in</span> <span class='ocrx_word' id='word_1_118' title='bbox 674 2833 782 2896; x_wconf 90' lang='lat' dir='ltr'>textu</span> <span class='ocrx_word' id='word_1_119' title='bbox 800 2819 1008 2893; x_wconf 76' lang='lat' dir='ltr'>Prohibetur</span> <span class='ocrx_word' id='word_1_120' title='bbox 1025 2858 1033 2875; x_wconf 94' lang='lat'><strong>·</strong></span> 
     </span>
    </p>

    <p class='ocr_par' dir='ltr' id='par_1_14' title="bbox 463 2930 1798 3147">
     <span class='ocr_line' id='line_1_18' title="bbox 463 2930 1798 3027; baseline 0.003 -18"><span class='ocrx_word' id='word_1_121' title='bbox 463 2938 589 3011; x_wconf 86' lang='lat' dir='ltr'>Codex</span> <span class='ocrx_word' id='word_1_122' title='bbox 605 2960 653 3009; x_wconf 87' lang='lat' dir='ltr'>ex</span> <span class='ocrx_word' id='word_1_123' title='bbox 680 2935 873 3008; x_wconf 77' lang='lat' dir='ltr'>donatione</span> <span class='ocrx_word' id='word_1_124' title='bbox 890 2931 1048 3005; x_wconf 88' lang='lat' dir='ltr'>eiusdem</span> <span class='ocrx_word' id='word_1_125' title='bbox 1077 2934 1253 3027; x_wconf 83' lang='lat' dir='ltr'>incipiens</span> <span class='ocrx_word' id='word_1_126' title='bbox 1278 2936 1315 3005; x_wconf 92' lang='lat' dir='ltr'>in</span> <span class='ocrx_word' id='word_1_127' title='bbox 1342 2930 1498 3005; x_wconf 86' lang='lat' dir='ltr'>secundo</span> <span class='ocrx_word' id='word_1_128' title='bbox 1524 2935 1610 3009; x_wconf 87' lang='lat' dir='ltr'>folio</span> <span class='ocrx_word' id='word_1_129' title='bbox 1628 2941 1666 3011; x_wconf 84' lang='lat' dir='ltr'>In</span> <span class='ocrx_word' id='word_1_130' title='bbox 1689 2942 1798 3012; x_wconf 85' lang='lat' dir='ltr'>rubro</span> 
     </span>
     <span class='ocr_line' id='line_1_19' title="bbox 512 3038 980 3147; baseline -0.015 -23"><span class='ocrx_word' id='word_1_131' title='bbox 512 3038 804 3147; x_wconf 61' lang='lat' dir='ltr'>Desocrcffonlssia</span> <span class='ocrx_word' id='word_1_132' title='bbox 820 3044 980 3140; x_wconf 56' lang='lat' dir='ltr'>eccleſsjsa</span> 
     </span>
    </p>

    <p class='ocr_par' dir='ltr' id='par_1_15' title="bbox 463 3154 1800 3478">
     <span class='ocr_line' id='line_1_20' title="bbox 463 3154 1799 3253; baseline 0.006 -22"><span class='ocrx_word' id='word_1_133' title='bbox 463 3159 560 3233; x_wconf 87' lang='lat' dir='ltr'>Item</span> <span class='ocrx_word' id='word_1_134' title='bbox 578 3161 669 3232; x_wconf 88' lang='lat' dir='ltr'>liber</span> <span class='ocrx_word' id='word_1_135' title='bbox 692 3154 878 3231; x_wconf 71' lang='lat' dir='ltr'>vicesimus</span> <span class='ocrx_word' id='word_1_136' title='bbox 896 3180 1012 3229; x_wconf 80' lang='lat' dir='ltr'>nonus</span> <span class='ocrx_word' id='word_1_137' title='bbox 1029 3155 1075 3228; x_wconf 89' lang='lat' dir='ltr'>de</span> <span class='ocrx_word' id='word_1_138' title='bbox 1092 3156 1124 3227; x_wconf 85' lang='lat' dir='ltr'>ff</span> <span class='ocrx_word' id='word_1_139' title='bbox 1132 3196 1140 3213; x_wconf 93' lang='lat'><strong>·</strong></span> <span class='ocrx_word' id='word_1_140' title='bbox 1158 3161 1272 3230; x_wconf 87' lang='lat' dir='ltr'>veteri</span> <span class='ocrx_word' id='word_1_141' title='bbox 1289 3160 1465 3253; x_wconf 77' lang='lat' dir='ltr'>incipiens</span> <span class='ocrx_word' id='word_1_142' title='bbox 1481 3162 1520 3231; x_wconf 92' lang='lat' dir='ltr'>in</span> <span class='ocrx_word' id='word_1_143' title='bbox 1537 3160 1693 3237; x_wconf 87' lang='lat' dir='ltr'>secundo</span> <span class='ocrx_word' id='word_1_144' title='bbox 1712 3168 1799 3239; x_wconf 82' lang='lat' dir='ltr'>lolio</span> 
     </span>
     <span class='ocr_line' id='line_1_21' title="bbox 512 3267 1800 3373; baseline 0.005 -29"><span class='ocrx_word' id='word_1_145' title='bbox 512 3276 550 3344; x_wconf 95' lang='lat' dir='ltr'>in</span> <span class='ocrx_word' id='word_1_146' title='bbox 561 3282 667 3345; x_wconf 87' lang='lat' dir='ltr'>textu</span> <span class='ocrx_word' id='word_1_147' title='bbox 678 3268 885 3343; x_wconf 69' lang='lat' dir='ltr'>Protttetcr</span> <span class='ocrx_word' id='word_1_148' title='bbox 901 3309 909 3326; x_wconf 94' lang='lat'><strong>·</strong></span> <span class='ocrx_word' id='word_1_149' title='bbox 928 3293 975 3341; x_wconf 85' lang='lat' dir='ltr'>ex</span> <span class='ocrx_word' id='word_1_150' title='bbox 986 3269 1182 3341; x_wconf 82' lang='lat' dir='ltr'>donatione</span> <span class='ocrx_word' id='word_1_151' title='bbox 1194 3267 1352 3365; x_wconf 77' lang='lat' dir='ltr'>magistri</span> <span class='ocrx_word' id='word_1_152' title='bbox 1365 3270 1504 3343; x_wconf 72' lang='lat' dir='ltr'>&#39;l&#39;home</span> <span class='ocrx_word' id='word_1_153' title='bbox 1516 3270 1705 3371; x_wconf 77' lang='lat' dir='ltr'>ForestnriJ&#39;</span> <span class='ocrx_word' id='word_1_154' title='bbox 1719 3302 1800 3373; x_wconf 83' lang='lat' dir='ltr'>pre-</span> 
     </span>
     <span class='ocr_line' id='line_1_22' title="bbox 513 3382 1017 3478; baseline -0.008 -21"><span class='ocrx_word' id='word_1_155' title='bbox 513 3384 672 3478; x_wconf 87' lang='lat' dir='ltr'>bendarij</span> <span class='ocrx_word' id='word_1_156' title='bbox 691 3384 736 3456; x_wconf 92' lang='lat' dir='ltr'>de</span> <span class='ocrx_word' id='word_1_157' title='bbox 754 3382 989 3455; x_wconf 85' lang='lat' dir='ltr'>Dummawoc</span> <span class='ocrx_word' id='word_1_158' title='bbox 1008 3422 1017 3439; x_wconf 92' lang='lat'><strong>·</strong></span> 
     </span>
    </p>

    <p class='ocr_par' dir='ltr' id='par_1_16' title="bbox 463 3492 1801 3706">
     <span class='ocr_line' id='line_1_23' title="bbox 463 3492 1801 3599; baseline -0.007 -30"><span class='ocrx_word' id='word_1_159' title='bbox 463 3497 561 3571; x_wconf 86' lang='lat' dir='ltr'>Item</span> <span class='ocrx_word' id='word_1_160' title='bbox 587 3496 678 3569; x_wconf 86' lang='lat' dir='ltr'>liber</span> <span class='ocrx_word' id='word_1_161' title='bbox 700 3496 844 3568; x_wconf 84' lang='lat' dir='ltr'>Codicis</span> <span class='ocrx_word' id='word_1_162' title='bbox 870 3497 907 3565; x_wconf 87' lang='lat' dir='ltr'>In</span> <span class='ocrx_word' id='word_1_163' title='bbox 933 3492 1090 3567; x_wconf 87' lang='lat' dir='ltr'>secundo</span> <span class='ocrx_word' id='word_1_164' title='bbox 1107 3493 1193 3565; x_wconf 87' lang='lat' dir='ltr'>folio</span> <span class='ocrx_word' id='word_1_165' title='bbox 1210 3496 1247 3565; x_wconf 91' lang='lat' dir='ltr'>in</span> <span class='ocrx_word' id='word_1_166' title='bbox 1265 3495 1374 3567; x_wconf 83' lang='lat' dir='ltr'>rubro</span> <span class='ocrx_word' id='word_1_167' title='bbox 1400 3494 1456 3569; x_wconf 83' lang='lat' dir='ltr'>De</span> <span class='ocrx_word' id='word_1_168' title='bbox 1462 3494 1696 3593; x_wconf 60' lang='lat' dir='ltr'>sacrosanctis</span> <span class='ocrx_word' id='word_1_169' title='bbox 1712 3506 1801 3599; x_wconf 49' lang='lat' dir='ltr'>epp:</span> 
     </span>
     <span class='ocr_line' id='line_1_24' title="bbox 514 3604 1647 3706; baseline 0.003 -26"><span class='ocrx_word' id='word_1_170' title='bbox 514 3610 604 3706; x_wconf 74' lang='lat' dir='ltr'>copie</span> <span class='ocrx_word' id='word_1_171' title='bbox 627 3650 635 3667; x_wconf 90' lang='lat'><strong>·</strong></span> <span class='ocrx_word' id='word_1_172' title='bbox 655 3632 701 3681; x_wconf 85' lang='lat' dir='ltr'>ex</span> <span class='ocrx_word' id='word_1_173' title='bbox 718 3610 911 3680; x_wconf 86' lang='lat' dir='ltr'>donatione</span> <span class='ocrx_word' id='word_1_174' title='bbox 929 3604 1088 3678; x_wconf 89' lang='lat' dir='ltr'>eiusdem</span> <span class='ocrx_word' id='word_1_175' title='bbox 1106 3608 1197 3677; x_wconf 88' lang='lat' dir='ltr'>etio</span> <span class='ocrx_word' id='word_1_176' title='bbox 1216 3609 1318 3703; x_wconf 79' lang='lat' dir='ltr'>nIgro</span> <span class='ocrx_word' id='word_1_177' title='bbox 1335 3608 1463 3703; x_wconf 90' lang='lat' dir='ltr'>incipit</span> <span class='ocrx_word' id='word_1_178' title='bbox 1481 3609 1549 3704; x_wconf 79' lang='lat' dir='ltr'>Est</span> <span class='ocrx_word' id='word_1_179' title='bbox 1564 3608 1647 3683; x_wconf 80' lang='lat' dir='ltr'>hec.</span> 
     </span>
    </p>
   </div>
   <div class='ocr_carea' id='block_1_7' title="bbox 917 3873 1338 3947">
    <p class='ocr_par' dir='ltr' id='par_1_17' title="bbox 917 3873 1338 3947">
     <span class='ocr_line' id='line_1_25' title="bbox 917 3873 1338 3947; baseline 0.002 -3"><span class='ocrx_word' id='word_1_180' title='bbox 917 3873 1032 3945; x_wconf 86' lang='lat' dir='ltr'>L1an1</span> <span class='ocrx_word' id='word_1_181' title='bbox 1051 3895 1130 3946; x_wconf 77' lang='lat' dir='ltr'>non</span> <span class='ocrx_word' id='word_1_182' title='bbox 1148 3894 1311 3947; x_wconf 74' lang='lat' dir='ltr'>neonem</span> <span class='ocrx_word' id='word_1_183' title='bbox 1329 3914 1338 3931; x_wconf 89' lang='lat'><strong>·</strong></span> 
     </span>
    </p>
   </div>
   <div class='ocr_carea' id='block_1_8' title="bbox 463 4040 1801 4601">
    <p class='ocr_par' dir='ltr' id='par_1_18' title="bbox 463 4040 1801 4377">
     <span class='ocr_line' id='line_1_26' title="bbox 463 4040 1799 4153; baseline 0.004 -19"><span class='ocrx_word' id='word_1_184' title='bbox 463 4058 527 4134; x_wconf 91' lang='lat' dir='ltr'>Isti</span> <span class='ocrx_word' id='word_1_185' title='bbox 555 4058 637 4131; x_wconf 87' lang='lat' dir='ltr'>sunt</span> <span class='ocrx_word' id='word_1_186' title='bbox 667 4058 748 4131; x_wconf 86' lang='lat' dir='ltr'>libri</span> <span class='ocrx_word' id='word_1_187' title='bbox 777 4078 849 4127; x_wconf 91' lang='lat' dir='ltr'>non</span> <span class='ocrx_word' id='word_1_188' title='bbox 879 4058 1013 4150; x_wconf 85' lang='lat' dir='ltr'>reperti</span> <span class='ocrx_word' id='word_1_189' title='bbox 1043 4059 1080 4128; x_wconf 83' lang='lat' dir='ltr'>ln</span> <span class='ocrx_word' id='word_1_190' title='bbox 1111 4055 1253 4129; x_wconf 87' lang='lat' dir='ltr'>libraria</span> <span class='ocrx_word' id='word_1_191' title='bbox 1277 4096 1285 4113; x_wconf 94' lang='lat'><strong>·</strong></span> <span class='ocrx_word' id='word_1_192' title='bbox 1312 4056 1357 4129; x_wconf 95' lang='lat' dir='ltr'>In</span> <span class='ocrx_word' id='word_1_193' title='bbox 1386 4060 1510 4153; x_wconf 83' lang='lat' dir='ltr'>primia</span> <span class='ocrx_word' id='word_1_194' title='bbox 1537 4040 1799 4139; x_wconf 81' lang='lat' dir='ltr'>sacramentale</span> 
     </span>
     <span class='ocr_line' id='line_1_27' title="bbox 512 4166 1801 4267; baseline 0.005 -23"><span class='ocrx_word' id='word_1_195' title='bbox 512 4171 679 4267; x_wconf 80' lang='lat' dir='ltr'>Hugonit</span> <span class='ocrx_word' id='word_1_196' title='bbox 701 4170 748 4240; x_wconf 94' lang='lat' dir='ltr'>de</span> <span class='ocrx_word' id='word_1_197' title='bbox 774 4166 906 4240; x_wconf 70' lang='lat' dir='ltr'>Sanco</span> <span class='ocrx_word' id='word_1_198' title='bbox 930 4170 1063 4239; x_wconf 69' lang='lat' dir='ltr'>vidore</span> <span class='ocrx_word' id='word_1_199' title='bbox 1085 4168 1261 4261; x_wconf 80' lang='lat' dir='ltr'>incipiens</span> <span class='ocrx_word' id='word_1_200' title='bbox 1278 4170 1316 4239; x_wconf 92' lang='lat' dir='ltr'>in</span> <span class='ocrx_word' id='word_1_201' title='bbox 1332 4168 1488 4243; x_wconf 87' lang='lat' dir='ltr'>secundo</span> <span class='ocrx_word' id='word_1_202' title='bbox 1514 4173 1600 4245; x_wconf 85' lang='lat' dir='ltr'>folio</span> <span class='ocrx_word' id='word_1_203' title='bbox 1617 4176 1653 4246; x_wconf 93' lang='lat' dir='ltr'>in</span> <span class='ocrx_word' id='word_1_204' title='bbox 1671 4178 1801 4251; x_wconf 84' lang='lat' dir='ltr'>tabula</span> 
     </span>
     <span class='ocr_line' id='line_1_28' title="bbox 512 4279 859 4377; baseline -0.009 -24"><span class='ocrx_word' id='word_1_205' title='bbox 512 4283 624 4374; x_wconf 76' lang='lat' dir='ltr'>Quare</span> <span class='ocrx_word' id='word_1_206' title='bbox 643 4279 831 4377; x_wconf 75' lang='lat' dir='ltr'>potenciam</span> <span class='ocrx_word' id='word_1_207' title='bbox 850 4332 859 4349; x_wconf 90' lang='grc'><strong>.</strong></span> 
     </span>
    </p>

    <p class='ocr_par' dir='ltr' id='par_1_19' title="bbox 463 4390 1799 4601">
     <span class='ocr_line' id='line_1_29' title="bbox 463 4390 1799 4494; baseline 0.005 -26"><span class='ocrx_word' id='word_1_208' title='bbox 463 4396 559 4469; x_wconf 90' lang='lat' dir='ltr'>Item</span> <span class='ocrx_word' id='word_1_209' title='bbox 577 4393 731 4467; x_wconf 86' lang='lat' dir='ltr'>secunda</span> <span class='ocrx_word' id='word_1_210' title='bbox 754 4414 836 4486; x_wconf 82' lang='lat' dir='ltr'>pero</span> <span class='ocrx_word' id='word_1_211' title='bbox 853 4390 1046 4465; x_wconf 84' lang='lat' dir='ltr'>Sententie</span> <span class='ocrx_word' id='word_1_212' title='bbox 1063 4392 1162 4465; x_wconf 86' lang='lat' dir='ltr'>edita</span> <span class='ocrx_word' id='word_1_213' title='bbox 1177 4415 1200 4465; x_wconf 82' lang='lat' dir='ltr'>n</span> <span class='ocrx_word' id='word_1_214' title='bbox 1215 4391 1324 4466; x_wconf 85' lang='lat' dir='ltr'>beato</span> <span class='ocrx_word' id='word_1_215' title='bbox 1348 4394 1486 4467; x_wconf 75' lang='lat' dir='ltr'>&#39;I&#39;llomn</span> <span class='ocrx_word' id='word_1_216' title='bbox 1510 4398 1556 4469; x_wconf 90' lang='lat' dir='ltr'>de</span> <span class='ocrx_word' id='word_1_217' title='bbox 1581 4398 1729 4494; x_wconf 85' lang='lat' dir='ltr'>Aquino</span> <span class='ocrx_word' id='word_1_218' title='bbox 1756 4418 1799 4475; x_wconf 85' lang='lat' dir='ltr'>et</span> 
     </span>
     <span class='ocr_line' id='line_1_30' title="bbox 508 4494 1148 4601; baseline -0.005 -21"><span class='ocrx_word' id='word_1_219' title='bbox 508 4508 636 4601; x_wconf 90' lang='lat' dir='ltr'>incipit</span> <span class='ocrx_word' id='word_1_220' title='bbox 654 4504 745 4597; x_wconf 77' lang='lat' dir='ltr'>Quin</span> <span class='ocrx_word' id='word_1_221' title='bbox 753 4494 901 4598; x_wconf 61' lang='lat' dir='ltr'>solidus</span> <span class='ocrx_word' id='word_1_222' title='bbox 917 4502 1148 4601; x_wconf 72' lang='lat' dir='ltr'>dontosomut·</span> 
     </span>
    </p>
   </div>
   <div class='ocr_carea' id='block_1_9' title="bbox 0 0 2030 5534">
    <p class='ocr_par' dir='ltr' id='par_1_20' title="bbox 0 0 2030 5534">
     <span class='ocr_line' id='line_1_31' title="bbox 0 0 2030 5534; baseline 0 1"><span class='ocrx_word' id='word_1_223' title='bbox 0 0 2030 5534; x_wconf 95' lang='lat' dir='ltr'> </span> 
     </span>
    </p>
   </div>
  </div>
 </body>
</html>
