4050 5534
395 742 401 759 1
458 652 525 718 150
973 640 1281 716 nnorsrnmr
1647 644 1800 740 [secum

455 844 691 915 Confirmatio
709 841 861 915 Henrici
880 840 1036 938 episcopi
1059 839 1164 935 snper
1181 845 1312 915 vnione
1329 838 1479 916 ecclesie
1497 845 1543 917 da
1561 843 1663 939 Logy
1679 843 1801 915 mense
1891 938 1896 945 Ι

506 955 695 1050 capitulari
714 951 966 1028 Aberdoncnfi
984 993 993 1011 ·

457 1066 659 1141 Indentura
674 1067 780 1161 super
797 1066 966 1139 omnibns
983 1060 1159 1161 impositis
1176 1063 1325 1139 ecclesre
1342 1067 1388 1138 de
1406 1068 1509 1163 Logy
1526 1123 1535 1139 .

457 1176 745 1252 Instrumentnm
765 1174 982 1272 poffeffionis
999 1177 1220 1274 apprehense
1240 1202 1305 1273 per
1321 1179 1521 1273 capitulum
1538 1180 1585 1251 de
1604 1179 1706 1275 Logy
1723 1222 1732 1237 ·

458 1292 640 1365 Fundatio
658 1292 836 1386 capellani
855 1293 900 1362 dc
919 1291 1047 1387 Logy·

457 1400 666 1475 commissio
686 1406 828 1475 vnionis
845 1402 890 1475 de
908 1403 1011 1499 Logy
1028 1402 1093 1476 snb
1110 1402 1212 1476 bulla
1227 1402 1399 1497 plumbea
1414 1445 1424 1461 ·

459 1513 644 1588 Processne
669 1516 815 1588 habitus
841 1524 879 1587 et
896 1516 1010 1587 facus
1036 1513 1259 1610 superdicta
1283 1512 1527 1590 commissione
1552 1540 1618 1613 per
1642 1518 1800 1589 indicem

508 1644 547 1700 ct
565 1640 804 1701 executorem
821 1624 1078 1721 apostolicum·

460 1738 748 1813 Instrumentum
766 1740 871 1835 sirper
887 1736 1096 1833 possessione
1116 1734 1265 1813 ecclesie
1282 1740 1328 1811 de
1346 1740 1448 1837 Logy
1465 1743 1587 1837 vigore
1613 1742 1698 1813 dini
1723 1764 1802 1835 pro

508 1850 646 1925 cessus·

460 1966 673 2039 Notiiicatio
699 1966 877 2038 Johannia
902 1965 1057 2059 episcopi
1085 1959 1345 2037 Abirdonensia
1371 1966 1467 2058 qood
1484 1962 1634 2039 ecclesia
1650 1967 1697 2039 de
1714 1966 1802 2038 For-

509 2074 590 2172 dyss
599 2076 736 2173 spectet
753 2080 798 2151 ad
817 2100 1047 2151 communem
1065 2078 1320 2149 canonicomm
1338 2118 1347 2136 ·

458 2192 620 2265 Donatio
638 2192 732 2287 regie
750 2188 902 2263 Roberti
920 2192 966 2263 do
984 2184 1135 2263 ecclesia
1151 2190 1197 2261 da
1209 2190 1379 2285 Bathyne
1391 2192 1437 2262 ad
1451 2212 1684 2263 communem
1695 2216 1802 2265 cano·

508 2326 698 2377 nrcorum·

459 2417 695 2489 Confirmatio
725 2414 877 2488 Henrici
908 2414 1064 2510 episcopi
1094 2407 1363 2486 Aberdonensrs
1388 2411 1434 2485 de
1459 2414 1555 2487 dista
1581 2408 1732 2487 ecclesia
1757 2416 1803 2485 de

508 2530 677 2624 Rathyne
694 2528 739 2599 ad
759 2550 990 2599 communem
1008 2528 1185 2598 distornm
1203 2527 1485 2597 canonicorum·

457 2643 694 2714 Confirmatio
711 2640 916 2711 donationis
930 2635 1080 2711 ccclesre
1098 2640 1143 2711 dc
1161 2638 1377 2731 Kyndrnmy
1390 2638 1436 2709 ad
1449 2660 1680 2711 communem
1697 2663 1805 2712 cano-

506 2756 671 2827 nioomm
688 2776 734 2825 cx
752 2752 848 2823 dono
860 2751 999 2824 Thome
1017 2753 1160 2824 comitia
1179 2751 1343 2822 Martie·
1364 2750 1413 2821 Et
1430 2751 1579 2825 donatio
1596 2754 1739 2824 comitia
1758 2754 1802 2823 de

510 2867 637 2937 Marr-

460 2976 559 3053 Vnio
577 2972 809 3051 ecclesiarum
833 2978 879 3049 de
897 2976 1115 3073 Kyndmmy
1132 2984 1171 3045 et
1188 2974 1234 3045 de
1251 2974 1427 3047 Clooetht
1444 3016 1453 3033 ·

460 3093 618 3165 Donatio
636 3090 779 3163 comitia
801 3088 969 3162 Dnncani
987 3089 1034 3159 de
1052 3087 1153 3182 Logy
1170 3088 1208 3157 in
1227 3087 1355 3160 Marr-

460 3204 602 3277 Erettio
620 3197 768 3275 ecclesie
786 3201 832 3273 d'e
850 3200 1097 3294 Inuemochty
1114 3202 1152 3269 in
1168 3199 1390 3293 prebendam
1409 3242 1417 3257 ·

459 3316 619 3387 Collacio
643 3324 854 3408 patronatus
879 3314 923 3385 de
950 3312 1194 3407 Kyncardyne
1216 3334 1282 3406 per
1313 3310 1532 3385 Duncanum
1560 3315 1731 3387 comitem
1757 3317 1803 3387 de

510 3428 632 3500 Marr·

461 3542 604 3613 Erectio
622 3534 773 3611 ecclesie
790 3540 836 3611 de
852 3536 999 3609 Turraff
1009 3539 1048 3607 in
1065 3537 1286 3630 prebendam
1305 3576 1312 3591 ·
1922 3612 1928 3625 ¹

459 3654 559 3727 Vnio
586 3655 630 3725 de
667 3652 767 3747 Fyvy
794 3652 889 3724 satta
913 3652 1086 3744 prioratui
1112 3651 1157 3721 de
1185 3649 1286 3745 Fyvy
1311 3658 1350 3721 et
1376 3652 1471 3743 quod
1500 3652 1596 3745 prior
1624 3649 1742 3723 soluet
1767 3654 1802 3747 vj

509 3767 671 3839 marchae
688 3766 876 3837 annuatim
903 3766 964 3834 vni
990 3763 1177 3857 capellano
1204 3764 1242 3833 in
1267 3759 1418 3835 ecclesia
1444 3758 1693 3835 Aberdonensr
1719 3788 1803 3836 cum

508 3882 634 3955 habitu
653 3877 851 3950 sufficiente
870 3918 877 3933 ·

459 3990 748 4067 Instrumentnm
766 3983 975 4061 deecclesia
991 3989 1037 4061 de
1056 3986 1186 4058 Eisone
1204 3986 1250 4057 de
1267 3982 1451 4059 mansrone
1476 3988 1671 4060 donatione
1690 3988 1805 4085 Regia

509 4104 748 4201 resignatione
765 4103 912 4173 notioris
929 4100 1124 4173 collatione
1141 4094 1296 4193 episcopi
1313 4098 1527 4172 fundatione
1544 4100 1744 4194 capellanie
1764 4113 1805 4174 et

510 4216 737 4292 institutione
756 4225 794 4287 et
813 4216 858 4286 de
875 4214 1003 4286 habitu
1022 4254 1031 4269 ·

459 4335 555 4406 Item
575 4332 698 4402 littera
714 4328 855 4400 vnionis
873 4326 1072 4421 capellanie
1090 4326 1135 4396 de
1154 4322 1308 4397 Galohol
1336 4332 1375 4394 et
1403 4323 1479 4416 iiij0‘
1495 4345 1695 4429 marcarum
1724 4347 1806 4418 pre·

509 4445 627 4517 bonde
644 4443 689 4513 de
708 4438 838 4511 Ellone
857 4480 864 4495 ·

458 4556 692 4632 continuatio
713 4554 806 4647 regie
825 4550 976 4622 Roberti
1003 4550 1049 4621 de
1074 4547 1136 4621 sex
1163 4548 1317 4621 marchia
1344 4549 1403 4617 mi
1430 4547 1616 4639 capellano
1633 4547 1679 4618 de
1697 4552 1805 4622 terris
