<?xml version="1.0" encoding="UTF-8"?>
<!DOCTYPE html PUBLIC "-//W3C//DTD XHTML 1.0 Transitional//EN"
    "http://www.w3.org/TR/xhtml1/DTD/xhtml1-transitional.dtd">
<html xmlns="http://www.w3.org/1999/xhtml" xml:lang="en" lang="en">
 <head>
  <title>
</title>
<meta http-equiv="Content-Type" content="text/html;charset=utf-8" />
  <meta name='ocr-system' content='tesseract 3.04.00' />
  <meta name='ocr-capabilities' content='ocr_page ocr_carea ocr_par ocr_line ocrx_word'/>
</head>
<body>
  <div class='ocr_page' id='page_1' title='image "./registrumepisco02innegoog_0099.png"; bbox 0 0 4050 5534; ppageno 0'>
   <div class='ocr_carea' id='block_1_1' title="bbox 249 665 1602 761">
    <p class='ocr_par' dir='ltr' id='par_1_1' title="bbox 249 665 1602 761">
     <span class='ocr_line' id='line_1_1' title="bbox 249 665 1602 761; baseline 0.006 -24"><span class='ocrx_word' id='word_1_1' title='bbox 249 665 356 761; x_wconf 77' lang='lat' dir='ltr'><strong>xun]</strong></span> <span class='ocrx_word' id='word_1_2' title='bbox 727 665 1133 740; x_wconf 83' lang='lat' dir='ltr'><strong>ABERDONENSE.</strong></span> <span class='ocrx_word' id='word_1_3' title='bbox 1556 680 1602 750; x_wconf 84' lang='grc'><strong>39</strong></span> 
     </span>
    </p>
   </div>
   <div class='ocr_carea' id='block_1_2' title="bbox 249 863 1601 966">
    <p class='ocr_par' dir='ltr' id='par_1_2' title="bbox 249 863 1601 966">
     <span class='ocr_line' id='line_1_2' title="bbox 249 863 1601 966; baseline 0.004 -29"><span class='ocrx_word' id='word_1_4' title='bbox 249 867 375 938; x_wconf 90' lang='lat' dir='ltr'><strong>decani</strong></span> <span class='ocrx_word' id='word_1_5' title='bbox 392 865 542 940; x_wconf 79' lang='lat' dir='ltr'><strong>ecclesie</strong></span> <span class='ocrx_word' id='word_1_6' title='bbox 554 863 825 939; x_wconf 87' lang='lat' dir='ltr'><strong>Aberdoneniis</strong></span> <span class='ocrx_word' id='word_1_7' title='bbox 838 874 877 937; x_wconf 90' lang='lat' dir='ltr'><strong>et</strong></span> <span class='ocrx_word' id='word_1_8' title='bbox 890 863 1051 938; x_wconf 90' lang='lat' dir='ltr'><strong>eiusdem</strong></span> <span class='ocrx_word' id='word_1_9' title='bbox 1069 865 1139 937; x_wconf 92' lang='lat' dir='ltr'><strong>loci</strong></span> <span class='ocrx_word' id='word_1_10' title='bbox 1156 866 1306 960; x_wconf 88' lang='lat' dir='ltr'><strong>capituli</strong></span> <span class='ocrx_word' id='word_1_11' title='bbox 1321 872 1479 941; x_wconf 85' lang='lat' dir='ltr'><strong>·vocatis</strong></span> <span class='ocrx_word' id='word_1_12' title='bbox 1496 870 1601 966; x_wconf 85' lang='lat' dir='ltr'><strong>legit·</strong></span> 
     </span>
    </p>
   </div>
   <div class='ocr_carea' id='block_1_3' title="bbox 242 1085 1599 2166">
    <p class='ocr_par' dir='ltr' id='par_1_3' title="bbox 242 1085 1599 2166">
     <span class='ocr_line' id='line_1_3' title="bbox 248 1085 1599 1188; baseline 0.006 -29"><span class='ocrx_word' id='word_1_13' title='bbox 248 1087 494 1162; x_wconf 84' lang='lat' dir='ltr'><strong>ducentesrmo</strong></span> <span class='ocrx_word' id='word_1_14' title='bbox 512 1086 807 1185; x_wconf 85' lang='lat' dir='ltr'><strong>quinqungeiimo</strong></span> <span class='ocrx_word' id='word_1_15' title='bbox 824 1085 929 1160; x_wconf 86' lang='lat' dir='ltr'><strong>sexto</strong></span> <span class='ocrx_word' id='word_1_16' title='bbox 946 1091 983 1160; x_wconf 96' lang='lat' dir='ltr'><strong>in</strong></span> <span class='ocrx_word' id='word_1_17' title='bbox 1001 1090 1161 1183; x_wconf 89' lang='lat' dir='ltr'><strong>capitulo</strong></span> <span class='ocrx_word' id='word_1_18' title='bbox 1179 1086 1300 1162; x_wconf 89' lang='lat' dir='ltr'><strong>nostro</strong></span> <span class='ocrx_word' id='word_1_19' title='bbox 1318 1116 1384 1186; x_wconf 87' lang='lat' dir='ltr'><strong>per</strong></span> <span class='ocrx_word' id='word_1_20' title='bbox 1398 1089 1436 1164; x_wconf 89' lang='lat' dir='ltr'><strong>se</strong></span> <span class='ocrx_word' id='word_1_21' title='bbox 1452 1094 1512 1165; x_wconf 85' lang='lat' dir='ltr'><strong>vel</strong></span> <span class='ocrx_word' id='word_1_22' title='bbox 1534 1119 1599 1188; x_wconf 89' lang='lat' dir='ltr'><strong>per</strong></span> 
     </span>
     <span class='ocr_line' id='line_1_4' title="bbox 247 1201 1597 1295; baseline 0.006 -24"><span class='ocrx_word' id='word_1_23' title='bbox 247 1211 366 1272; x_wconf 86' lang='lat' dir='ltr'><strong>certos</strong></span> <span class='ocrx_word' id='word_1_24' title='bbox 394 1213 642 1295; x_wconf 78' lang='lat' dir='ltr'><strong>procuratores</strong></span> <span class='ocrx_word' id='word_1_25' title='bbox 668 1201 992 1294; x_wconf 86' lang='lat' dir='ltr'><strong>comparentibus·</strong></span> <span class='ocrx_word' id='word_1_26' title='bbox 1016 1203 1061 1272; x_wconf 91' lang='lat' dir='ltr'><strong>ad</strong></span> <span class='ocrx_word' id='word_1_27' title='bbox 1091 1203 1265 1272; x_wconf 87' lang='lat' dir='ltr'><strong>honorem</strong></span> <span class='ocrx_word' id='word_1_28' title='bbox 1291 1214 1330 1275; x_wconf 90' lang='lat' dir='ltr'><strong>ct</strong></span> <span class='ocrx_word' id='word_1_29' title='bbox 1355 1208 1597 1278; x_wconf 87' lang='lat' dir='ltr'><strong>reuerentiam</strong></span> 
     </span>
     <span class='ocr_line' id='line_1_5' title="bbox 246 1307 1598 1413; baseline 0.003 -29"><span class='ocrx_word' id='word_1_30' title='bbox 246 1308 367 1384; x_wconf 74' lang='lat' dir='ltr'><strong>sante</strong></span> <span class='ocrx_word' id='word_1_31' title='bbox 383 1324 421 1385; x_wconf 88' lang='lat' dir='ltr'><strong>et</strong></span> <span class='ocrx_word' id='word_1_32' title='bbox 438 1314 626 1385; x_wconf 79' lang='lat' dir='ltr'><strong>indiuiduo</strong></span> <span class='ocrx_word' id='word_1_33' title='bbox 642 1312 830 1385; x_wconf 79' lang='lat' dir='ltr'><strong>Trinitatis</strong></span> <span class='ocrx_word' id='word_1_34' title='bbox 854 1320 893 1383; x_wconf 91' lang='lat' dir='ltr'><strong>et</strong></span> <span class='ocrx_word' id='word_1_35' title='bbox 917 1307 1164 1407; x_wconf 81' lang='lat' dir='ltr'><strong>glorioliffime</strong></span> <span class='ocrx_word' id='word_1_36' title='bbox 1183 1311 1254 1384; x_wconf 91' lang='lat' dir='ltr'><strong>Dei</strong></span> <span class='ocrx_word' id='word_1_37' title='bbox 1279 1318 1474 1408; x_wconf 79' lang='lat' dir='ltr'><strong>genetricis</strong></span> <span class='ocrx_word' id='word_1_38' title='bbox 1491 1320 1598 1413; x_wconf 86' lang='lat' dir='ltr'><strong>virgi·</strong></span> 
     </span>
     <span class='ocr_line' id='line_1_6' title="bbox 246 1423 1596 1519; baseline 0.01 -27"><span class='ocrx_word' id='word_1_39' title='bbox 246 1425 304 1494; x_wconf 87' lang='lat' dir='ltr'><strong>nis</strong></span> <span class='ocrx_word' id='word_1_40' title='bbox 322 1423 441 1496; x_wconf 86' lang='lat' dir='ltr'><strong>Maris</strong></span> <span class='ocrx_word' id='word_1_41' title='bbox 458 1435 497 1496; x_wconf 89' lang='lat' dir='ltr'><strong>et</strong></span> <span class='ocrx_word' id='word_1_42' title='bbox 514 1425 613 1496; x_wconf 87' lang='lat' dir='ltr'><strong>beati</strong></span> <span class='ocrx_word' id='word_1_43' title='bbox 639 1423 817 1516; x_wconf 88' lang='lat' dir='ltr'><strong>Machorij</strong></span> <span class='ocrx_word' id='word_1_44' title='bbox 842 1432 882 1494; x_wconf 87' lang='lat' dir='ltr'><strong>et</strong></span> <span class='ocrx_word' id='word_1_45' title='bbox 907 1425 953 1495; x_wconf 90' lang='lat' dir='ltr'><strong>nd</strong></span> <span class='ocrx_word' id='word_1_46' title='bbox 979 1425 1094 1495; x_wconf 92' lang='lat' dir='ltr'><strong>diuini</strong></span> <span class='ocrx_word' id='word_1_47' title='bbox 1119 1423 1241 1496; x_wconf 88' lang='lat' dir='ltr'><strong>cultus</strong></span> <span class='ocrx_word' id='word_1_48' title='bbox 1266 1427 1537 1519; x_wconf 82' lang='lat' dir='ltr'><strong>ampliationem</strong></span> <span class='ocrx_word' id='word_1_49' title='bbox 1555 1443 1596 1506; x_wconf 84' lang='lat' dir='ltr'><strong>vt</strong></span> 
     </span>
     <span class='ocr_line' id='line_1_7' title="bbox 245 1533 1595 1630; baseline 0.007 -25"><span class='ocrx_word' id='word_1_50' title='bbox 245 1537 285 1605; x_wconf 94' lang='lat' dir='ltr'><strong>in</strong></span> <span class='ocrx_word' id='word_1_51' title='bbox 316 1547 514 1608; x_wconf 87' lang='lat' dir='ltr'><strong>memorata</strong></span> <span class='ocrx_word' id='word_1_52' title='bbox 543 1533 693 1608; x_wconf 85' lang='lat' dir='ltr'><strong>ecclelia</strong></span> <span class='ocrx_word' id='word_1_53' title='bbox 720 1535 827 1607; x_wconf 86' lang='lat' dir='ltr'><strong>beate</strong></span> <span class='ocrx_word' id='word_1_54' title='bbox 851 1536 1001 1630; x_wconf 83' lang='lat' dir='ltr'><strong>virginis</strong></span> <span class='ocrx_word' id='word_1_55' title='bbox 1027 1538 1073 1607; x_wconf 92' lang='lat' dir='ltr'><strong>de</strong></span> <span class='ocrx_word' id='word_1_56' title='bbox 1098 1535 1274 1608; x_wconf 88' lang='lat' dir='ltr'><strong>Aberdon</strong></span> <span class='ocrx_word' id='word_1_57' title='bbox 1300 1539 1465 1611; x_wconf 92' lang='lat' dir='ltr'><strong>diuinum</strong></span> <span class='ocrx_word' id='word_1_58' title='bbox 1494 1540 1595 1614; x_wconf 86' lang='lat' dir='ltr'><strong>obsc-</strong></span> 
     </span>
     <span class='ocr_line' id='line_1_8' title="bbox 244 1645 1593 1743; baseline 0.006 -25"><span class='ocrx_word' id='word_1_59' title='bbox 244 1649 372 1739; x_wconf 91' lang='lat' dir='ltr'><strong>quium</strong></span> <span class='ocrx_word' id='word_1_60' title='bbox 385 1648 552 1720; x_wconf 90' lang='lat' dir='ltr'><strong>omnibus</strong></span> <span class='ocrx_word' id='word_1_61' title='bbox 564 1647 788 1741; x_wconf 84' lang='lat' dir='ltr'><strong>temporibus</strong></span> <span class='ocrx_word' id='word_1_62' title='bbox 801 1647 925 1719; x_wconf 89' lang='lat' dir='ltr'><strong>diuiue</strong></span> <span class='ocrx_word' id='word_1_63' title='bbox 937 1645 1118 1719; x_wconf 86' lang='lat' dir='ltr'><strong>maiestati</strong></span> <span class='ocrx_word' id='word_1_64' title='bbox 1135 1650 1394 1743; x_wconf 75' lang='lat' dir='ltr'><strong>acceptabilius</strong></span> <span class='ocrx_word' id='word_1_65' title='bbox 1410 1650 1593 1727; x_wconf 83' lang='lat' dir='ltr'><strong>honestius</strong></span> 
     </span>
     <span class='ocr_line' id='line_1_9' title="bbox 244 1755 1592 1856; baseline 0.006 -27"><span class='ocrx_word' id='word_1_66' title='bbox 244 1759 434 1832; x_wconf 80' lang='lat' dir='ltr'><strong>decentius</strong></span> <span class='ocrx_word' id='word_1_67' title='bbox 450 1770 490 1833; x_wconf 91' lang='lat' dir='ltr'><strong>et</strong></span> <span class='ocrx_word' id='word_1_68' title='bbox 506 1759 706 1855; x_wconf 83' lang='lat' dir='ltr'><strong>regularius</strong></span> <span class='ocrx_word' id='word_1_69' title='bbox 722 1755 856 1851; x_wconf 87' lang='lat' dir='ltr'><strong>absque</strong></span> <span class='ocrx_word' id='word_1_70' title='bbox 870 1759 1012 1830; x_wconf 78' lang='lat' dir='ltr'><strong>defettu</strong></span> <span class='ocrx_word' id='word_1_71' title='bbox 1030 1759 1236 1831; x_wconf 86' lang='lat' dir='ltr'><strong>celebretur</strong></span> <span class='ocrx_word' id='word_1_72' title='bbox 1252 1760 1416 1856; x_wconf 83' lang='lat' dir='ltr'><strong>diligenti</strong></span> <span class='ocrx_word' id='word_1_73' title='bbox 1436 1766 1592 1837; x_wconf 73' lang='lat' dir='ltr'><strong>tractatu</strong></span> 
     </span>
     <span class='ocr_line' id='line_1_10' title="bbox 243 1870 1591 1966; baseline 0.005 -25"><span class='ocrx_word' id='word_1_74' title='bbox 243 1879 284 1942; x_wconf 90' lang='lat' dir='ltr'><strong>et</strong></span> <span class='ocrx_word' id='word_1_75' title='bbox 300 1872 451 1964; x_wconf 90' lang='lat' dir='ltr'><strong>prouida</strong></span> <span class='ocrx_word' id='word_1_76' title='bbox 467 1870 572 1965; x_wconf 87' lang='lat' dir='ltr'><strong>super</strong></span> <span class='ocrx_word' id='word_1_77' title='bbox 588 1873 657 1966; x_wconf 77' lang='lat' dir='ltr'><strong>hiJs</strong></span> <span class='ocrx_word' id='word_1_78' title='bbox 673 1870 863 1964; x_wconf 84' lang='lat' dir='ltr'><strong>prehabito</strong></span> <span class='ocrx_word' id='word_1_79' title='bbox 881 1870 1141 1943; x_wconf 87' lang='lat' dir='ltr'><strong>deliberatione</strong></span> <span class='ocrx_word' id='word_1_80' title='bbox 1155 1870 1201 1942; x_wconf 90' lang='lat' dir='ltr'><strong>de</strong></span> <span class='ocrx_word' id='word_1_81' title='bbox 1217 1871 1390 1944; x_wconf 89' lang='lat' dir='ltr'><strong>consensu</strong></span> <span class='ocrx_word' id='word_1_82' title='bbox 1403 1883 1441 1946; x_wconf 88' lang='lat' dir='ltr'><strong>et</strong></span> <span class='ocrx_word' id='word_1_83' title='bbox 1455 1877 1591 1948; x_wconf 86' lang='lat' dir='ltr'><strong>auxilio</strong></span> 
     </span>
     <span class='ocr_line' id='line_1_11' title="bbox 243 1980 1590 2075; baseline 0.004 -22"><span class='ocrx_word' id='word_1_84' title='bbox 243 1980 403 2053; x_wconf 88' lang='lat' dir='ltr'><strong>eiusdem</strong></span> <span class='ocrx_word' id='word_1_85' title='bbox 429 1984 555 2055; x_wconf 88' lang='lat' dir='ltr'><strong>decani</strong></span> <span class='ocrx_word' id='word_1_86' title='bbox 581 1992 620 2054; x_wconf 89' lang='lat' dir='ltr'><strong>et</strong></span> <span class='ocrx_word' id='word_1_87' title='bbox 645 1980 795 2075; x_wconf 85' lang='lat' dir='ltr'><strong>capituli</strong></span> <span class='ocrx_word' id='word_1_88' title='bbox 825 1983 863 2052; x_wconf 93' lang='lat' dir='ltr'><strong>in</strong></span> <span class='ocrx_word' id='word_1_89' title='bbox 893 1983 991 2054; x_wconf 91' lang='lat' dir='ltr'><strong>hunc</strong></span> <span class='ocrx_word' id='word_1_90' title='bbox 1021 1984 1171 2054; x_wconf 91' lang='lat' dir='ltr'><strong>modum</strong></span> <span class='ocrx_word' id='word_1_91' title='bbox 1200 1980 1391 2057; x_wconf 84' lang='lat' dir='ltr'><strong>statuendo</strong></span> <span class='ocrx_word' id='word_1_92' title='bbox 1421 1987 1590 2060; x_wconf 87' lang='lat' dir='ltr'><strong>duximus</strong></span> 
     </span>
     <span class='ocr_line' id='line_1_12' title="bbox 242 2095 509 2166; baseline 0.004 -3"><span class='ocrx_word' id='word_1_93' title='bbox 242 2095 509 2166; x_wconf 86' lang='lat' dir='ltr'><strong>ordinandum·</strong></span> 
     </span>
    </p>
   </div>
   <div class='ocr_carea' id='block_1_4' title="bbox 242 2313 1589 2500">
    <p class='ocr_par' dir='ltr' id='par_1_4' title="bbox 242 2313 1589 2500">
     <span class='ocr_line' id='line_1_13' title="bbox 243 2313 1589 2500; baseline 0.004 -112"><span class='ocrx_word' id='word_1_94' title='bbox 243 2315 303 2388; x_wconf 87' lang='lat' dir='ltr'><strong>Dc</strong></span> <span class='ocrx_word' id='word_1_95' title='bbox 335 2340 487 2500; x_wconf 59' lang='lat' dir='ltr'><strong>npimero</strong></span> <span class='ocrx_word' id='word_1_96' title='bbox 523 2318 788 2411; x_wconf 87' lang='lat' dir='ltr'><strong>prebendarum</strong></span> <span class='ocrx_word' id='word_1_97' title='bbox 824 2339 997 2410; x_wconf 84' lang='lat' dir='ltr'><strong>premens</strong></span> <span class='ocrx_word' id='word_1_98' title='bbox 1030 2313 1182 2389; x_wconf 83' lang='lat' dir='ltr'><strong>ecclelie</strong></span> <span class='ocrx_word' id='word_1_99' title='bbox 1218 2318 1436 2391; x_wconf 86' lang='lat' dir='ltr'><strong>cathedralis</strong></span> <span class='ocrx_word' id='word_1_100' title='bbox 1470 2320 1589 2394; x_wconf 86' lang='lat' dir='ltr'><strong>Aber-</strong></span> 
     </span>
     <span class='ocr_line' id='line_1_14' title="bbox 242 2429 435 2500; baseline 0.016 -2"><span class='ocrx_word' id='word_1_101' title='bbox 242 2429 362 2500; x_wconf 91' lang='lat' dir='ltr'><strong>donen</strong></span> <span class='ocrx_word' id='word_1_102' title='bbox 391 2451 435 2500; x_wconf 87' lang='lat' dir='ltr'><strong>s·</strong></span> 
     </span>
    </p>
   </div>
   <div class='ocr_carea' id='block_1_5' title="bbox 241 2646 1587 2746">
    <p class='ocr_par' dir='ltr' id='par_1_5' title="bbox 241 2646 1587 2746">
     <span class='ocr_line' id='line_1_15' title="bbox 241 2646 1587 2746; baseline 0.005 -24"><span class='ocrx_word' id='word_1_103' title='bbox 241 2651 412 2746; x_wconf 83' lang='lat' dir='ltr'><strong>inprimis</strong></span> <span class='ocrx_word' id='word_1_104' title='bbox 439 2649 574 2724; x_wconf 88' lang='lat' dir='ltr'><strong>scilicet</strong></span> <span class='ocrx_word' id='word_1_105' title='bbox 599 2652 696 2744; x_wconf 90' lang='lat' dir='ltr'><strong>quod</strong></span> <span class='ocrx_word' id='word_1_106' title='bbox 720 2653 759 2722; x_wconf 92' lang='lat' dir='ltr'><strong>in</strong></span> <span class='ocrx_word' id='word_1_107' title='bbox 785 2651 944 2745; x_wconf 71' lang='lat' dir='ltr'><strong>predicta</strong></span> <span class='ocrx_word' id='word_1_108' title='bbox 973 2646 1125 2723; x_wconf 83' lang='lat' dir='ltr'><strong>ecclelia</strong></span> <span class='ocrx_word' id='word_1_109' title='bbox 1148 2691 1156 2708; x_wconf 94' lang='lat'><strong>·</strong></span> <span class='ocrx_word' id='word_1_110' title='bbox 1180 2653 1245 2746; x_wconf 86' lang='lat' dir='ltr'><strong>xiij</strong></span> <span class='ocrx_word' id='word_1_111' title='bbox 1269 2690 1277 2708; x_wconf 93' lang='lat'><strong>·</strong></span> <span class='ocrx_word' id='word_1_112' title='bbox 1301 2654 1347 2725; x_wconf 88' lang='lat' dir='ltr'><strong>ad</strong></span> <span class='ocrx_word' id='word_1_113' title='bbox 1370 2656 1491 2728; x_wconf 88' lang='lat' dir='ltr'><strong>minus</strong></span> <span class='ocrx_word' id='word_1_114' title='bbox 1516 2652 1587 2729; x_wconf 86' lang='lat' dir='ltr'><strong>fint</strong></span> 
     </span>
    </p>
   </div>
   <div class='ocr_carea' id='block_1_6' title="bbox 139 2758 1814 4640">
    <p class='ocr_par' dir='ltr' id='par_1_6' title="bbox 238 2758 1587 2970">
     <span class='ocr_line' id='line_1_16' title="bbox 240 2758 1587 2859; baseline 0.004 -24"><span class='ocrx_word' id='word_1_115' title='bbox 240 2765 394 2836; x_wconf 87' lang='lat' dir='ltr'><strong>canonis</strong></span> <span class='ocrx_word' id='word_1_116' title='bbox 416 2765 546 2856; x_wconf 89' lang='lat' dir='ltr'><strong>quibus</strong></span> <span class='ocrx_word' id='word_1_117' title='bbox 563 2801 572 2819; x_wconf 94' lang='lat'><strong>·</strong></span> <span class='ocrx_word' id='word_1_118' title='bbox 589 2765 653 2857; x_wconf 85' lang='lat' dir='ltr'><strong>xiij</strong></span> <span class='ocrx_word' id='word_1_119' title='bbox 671 2803 680 2820; x_wconf 93' lang='lat'><strong>·</strong></span> <span class='ocrx_word' id='word_1_120' title='bbox 698 2763 898 2856; x_wconf 81' lang='lat' dir='ltr'><strong>prebendas</strong></span> <span class='ocrx_word' id='word_1_121' title='bbox 923 2758 1179 2857; x_wconf 84' lang='lat' dir='ltr'><strong>affignauimus</strong></span> <span class='ocrx_word' id='word_1_122' title='bbox 1202 2787 1290 2855; x_wconf 87' lang='lat' dir='ltr'><strong>quas</strong></span> <span class='ocrx_word' id='word_1_123' title='bbox 1314 2768 1466 2859; x_wconf 88' lang='lat' dir='ltr'><strong>proprijs</strong></span> <span class='ocrx_word' id='word_1_124' title='bbox 1482 2791 1587 2842; x_wconf 84' lang='lat' dir='ltr'><strong>vocs·</strong></span> 
     </span>
     <span class='ocr_line' id='line_1_17' title="bbox 238 2872 1587 2970; baseline 0.004 -24"><span class='ocrx_word' id='word_1_125' title='bbox 238 2875 335 2946; x_wconf 91' lang='lat' dir='ltr'><strong>bulis</strong></span> <span class='ocrx_word' id='word_1_126' title='bbox 360 2875 510 2947; x_wconf 81' lang='lat' dir='ltr'><strong>inferius</strong></span> <span class='ocrx_word' id='word_1_127' title='bbox 526 2876 696 2946; x_wconf 89' lang='lat' dir='ltr'><strong>duximus</strong></span> <span class='ocrx_word' id='word_1_128' title='bbox 721 2872 1130 2968; x_wconf 86' lang='lat' dir='ltr'><strong>exprimendas&#39;scilicet</strong></span> <span class='ocrx_word' id='word_1_129' title='bbox 1146 2875 1243 2966; x_wconf 91' lang='lat' dir='ltr'><strong>quod</strong></span> <span class='ocrx_word' id='word_1_130' title='bbox 1261 2873 1384 2947; x_wconf 88' lang='lat' dir='ltr'><strong>Prima</strong></span> <span class='ocrx_word' id='word_1_131' title='bbox 1403 2879 1587 2970; x_wconf 83' lang='lat' dir='ltr'><strong>prebenda</strong></span> 
     </span>
    </p>

    <p class='ocr_par' dir='ltr' id='par_1_7' title="bbox 139 2971 1814 4640">
     <span class='ocr_line' id='line_1_18' title="bbox 139 2971 1733 3080; baseline 0.004 -23"><span class='ocrx_word' id='word_1_132' title='bbox 139 2971 146 2982; x_wconf 51' lang='lat'>⁸</span> <span class='ocrx_word' id='word_1_133' title='bbox 239 2989 393 3058; x_wconf 84' lang='lat' dir='ltr'><strong>canonic</strong></span> <span class='ocrx_word' id='word_1_134' title='bbox 411 2985 618 3058; x_wconf 86' lang='lat' dir='ltr'><strong>Decauutus</strong></span> <span class='ocrx_word' id='word_1_135' title='bbox 640 2981 836 3080; x_wconf 82' lang='lat' dir='ltr'><strong>affiguntur</strong></span> <span class='ocrx_word' id='word_1_136' title='bbox 860 2995 940 3056; x_wconf 86' lang='lat' dir='ltr'><strong>tota</strong></span> <span class='ocrx_word' id='word_1_137' title='bbox 956 2982 1106 3058; x_wconf 83' lang='lat' dir='ltr'><strong>ecclelia</strong></span> <span class='ocrx_word' id='word_1_138' title='bbox 1122 2986 1168 3056; x_wconf 90' lang='lat' dir='ltr'><strong>de</strong></span> <span class='ocrx_word' id='word_1_139' title='bbox 1185 2984 1359 3079; x_wconf 87' lang='lat' dir='ltr'><strong>Kyrkton</strong></span> <span class='ocrx_word' id='word_1_140' title='bbox 1376 3010 1460 3058; x_wconf 88' lang='lat' dir='ltr'><strong>cum</strong></span> <span class='ocrx_word' id='word_1_141' title='bbox 1480 2993 1586 3062; x_wconf 88' lang='lat' dir='ltr'><strong>terris</strong></span> <span class='ocrx_word' id='word_1_142' title='bbox 1598 3005 1733 3063; x_wconf 65' lang='lat' dir='ltr'><strong>neuras</strong></span> 
     </span>
     <span class='ocr_line' id='line_1_19' title="bbox 240 3093 1586 3191; baseline 0.003 -22"><span class='ocrx_word' id='word_1_143' title='bbox 240 3099 288 3169; x_wconf 89' lang='lat' dir='ltr'><strong>de</strong></span> <span class='ocrx_word' id='word_1_144' title='bbox 302 3097 484 3170; x_wconf 88' lang='lat' dir='ltr'><strong>Murcroft</strong></span> <span class='ocrx_word' id='word_1_145' title='bbox 500 3098 547 3170; x_wconf 89' lang='lat' dir='ltr'><strong>ad</strong></span> <span class='ocrx_word' id='word_1_146' title='bbox 564 3098 697 3168; x_wconf 72' lang='lat' dir='ltr'><strong>dicam</strong></span> <span class='ocrx_word' id='word_1_147' title='bbox 714 3093 900 3168; x_wconf 77' lang='lat' dir='ltr'><strong>ecclesiam</strong></span> <span class='ocrx_word' id='word_1_148' title='bbox 919 3105 1083 3191; x_wconf 88' lang='lat' dir='ltr'><strong>tempore</strong></span> <span class='ocrx_word' id='word_1_149' title='bbox 1099 3097 1276 3191; x_wconf 75' lang='lat' dir='ltr'><strong>protentis</strong></span> <span class='ocrx_word' id='word_1_150' title='bbox 1294 3098 1530 3172; x_wconf 89' lang='lat' dir='ltr'><strong>ordinationis</strong></span> <span class='ocrx_word' id='word_1_151' title='bbox 1548 3112 1586 3174; x_wconf 86' lang='lat' dir='ltr'><strong>et</strong></span> 
     </span>
     <span class='ocr_line' id='line_1_20' title="bbox 238 3205 1587 3300; baseline 0.003 -20"><span class='ocrx_word' id='word_1_152' title='bbox 238 3231 324 3280; x_wconf 88' lang='lat' dir='ltr'><strong>curn</strong></span> <span class='ocrx_word' id='word_1_153' title='bbox 348 3210 514 3282; x_wconf 91' lang='lat' dir='ltr'><strong>omuibus</strong></span> <span class='ocrx_word' id='word_1_154' title='bbox 534 3218 574 3280; x_wconf 92' lang='lat' dir='ltr'><strong>et</strong></span> <span class='ocrx_word' id='word_1_155' title='bbox 596 3208 727 3280; x_wconf 88' lang='lat' dir='ltr'><strong>ceteris</strong></span> <span class='ocrx_word' id='word_1_156' title='bbox 750 3207 926 3278; x_wconf 75' lang='lat' dir='ltr'><strong>trucibus</strong></span> <span class='ocrx_word' id='word_1_157' title='bbox 949 3216 988 3278; x_wconf 89' lang='lat' dir='ltr'><strong>et</strong></span> <span class='ocrx_word' id='word_1_158' title='bbox 1010 3209 1244 3300; x_wconf 91' lang='lat' dir='ltr'><strong>pertinencijs</strong></span> <span class='ocrx_word' id='word_1_159' title='bbox 1264 3205 1338 3280; x_wconf 85' lang='lat' dir='ltr'><strong>iuis</strong></span> <span class='ocrx_word' id='word_1_160' title='bbox 1362 3211 1407 3281; x_wconf 92' lang='lat' dir='ltr'><strong>ad</strong></span> <span class='ocrx_word' id='word_1_161' title='bbox 1433 3213 1587 3284; x_wconf 89' lang='lat' dir='ltr'><strong>eandem</strong></span> 
     </span>
     <span class='ocr_line' id='line_1_21' title="bbox 236 3317 1586 3414; baseline 0.002 -22"><span class='ocrx_word' id='word_1_162' title='bbox 236 3319 483 3414; x_wconf 70' lang='lat' dir='ltr'><strong>spectantibus</strong></span> <span class='ocrx_word' id='word_1_163' title='bbox 507 3329 662 3413; x_wconf 82' lang='lat' dir='ltr'><strong>excepta</strong></span> <span class='ocrx_word' id='word_1_164' title='bbox 687 3321 827 3390; x_wconf 87' lang='lat' dir='ltr'><strong>decima</strong></span> <span class='ocrx_word' id='word_1_165' title='bbox 848 3317 1050 3390; x_wconf 88' lang='lat' dir='ltr'><strong>salmonum</strong></span> <span class='ocrx_word' id='word_1_166' title='bbox 1066 3319 1113 3390; x_wconf 92' lang='lat' dir='ltr'><strong>de</strong></span> <span class='ocrx_word' id='word_1_167' title='bbox 1130 3317 1342 3413; x_wconf 87' lang='lat' dir='ltr'><strong>Palgoucny</strong></span> <span class='ocrx_word' id='word_1_168' title='bbox 1358 3331 1397 3392; x_wconf 92' lang='lat' dir='ltr'><strong>et</strong></span> <span class='ocrx_word' id='word_1_169' title='bbox 1419 3325 1586 3396; x_wconf 90' lang='lat' dir='ltr'><strong>omnibus</strong></span> 
     </span>
     <span class='ocr_line' id='line_1_22' title="bbox 239 3428 1586 3526; baseline 0.003 -24"><span class='ocrx_word' id='word_1_170' title='bbox 239 3433 391 3505; x_wconf 88' lang='lat' dir='ltr'><strong>decimis</strong></span> <span class='ocrx_word' id='word_1_171' title='bbox 408 3432 591 3526; x_wconf 84' lang='lat' dir='ltr'><strong>hospitalis</strong></span> <span class='ocrx_word' id='word_1_172' title='bbox 607 3428 716 3504; x_wconf 78' lang='lat' dir='ltr'><strong>scotti</strong></span> <span class='ocrx_word' id='word_1_173' title='bbox 731 3430 831 3502; x_wconf 89' lang='lat' dir='ltr'><strong>Petri</strong></span> <span class='ocrx_word' id='word_1_174' title='bbox 846 3430 892 3501; x_wconf 87' lang='lat' dir='ltr'><strong>dc</strong></span> <span class='ocrx_word' id='word_1_175' title='bbox 903 3429 1080 3501; x_wconf 88' lang='lat' dir='ltr'><strong>Aberdon</strong></span> <span class='ocrx_word' id='word_1_176' title='bbox 1093 3453 1182 3522; x_wconf 89' lang='lat' dir='ltr'><strong>quas</strong></span> <span class='ocrx_word' id='word_1_177' title='bbox 1195 3439 1360 3524; x_wconf 87' lang='lat' dir='ltr'><strong>tempore</strong></span> <span class='ocrx_word' id='word_1_178' title='bbox 1376 3429 1480 3506; x_wconf 83' lang='lat' dir='ltr'><strong>iltius</strong></span> <span class='ocrx_word' id='word_1_179' title='bbox 1492 3437 1586 3507; x_wconf 91' lang='lat' dir='ltr'><strong>ordi·</strong></span> 
     </span>
     <span class='ocr_line' id='line_1_23' title="bbox 238 3537 1583 3637; baseline 0 -21"><span class='ocrx_word' id='word_1_180' title='bbox 238 3545 398 3616; x_wconf 89' lang='lat' dir='ltr'><strong>nationis</strong></span> <span class='ocrx_word' id='word_1_181' title='bbox 415 3541 566 3637; x_wconf 78' lang='lat' dir='ltr'><strong>possedit</strong></span> <span class='ocrx_word' id='word_1_182' title='bbox 582 3544 622 3614; x_wconf 92' lang='lat' dir='ltr'><strong>in</strong></span> <span class='ocrx_word' id='word_1_183' title='bbox 639 3542 800 3637; x_wconf 88' lang='lat' dir='ltr'><strong>proprios</strong></span> <span class='ocrx_word' id='word_1_184' title='bbox 814 3537 895 3612; x_wconf 87' lang='lat' dir='ltr'><strong>vsus</strong></span> <span class='ocrx_word' id='word_1_185' title='bbox 912 3539 1000 3612; x_wconf 70' lang='lat' dir='ltr'><strong>dicti</strong></span> <span class='ocrx_word' id='word_1_186' title='bbox 1017 3539 1203 3634; x_wconf 87' lang='lat' dir='ltr'><strong>hospitalis</strong></span> <span class='ocrx_word' id='word_1_187' title='bbox 1216 3550 1255 3613; x_wconf 90' lang='lat' dir='ltr'><strong>ct</strong></span> <span class='ocrx_word' id='word_1_188' title='bbox 1272 3540 1431 3612; x_wconf 91' lang='lat' dir='ltr'><strong>sororum</strong></span> <span class='ocrx_word' id='word_1_189' title='bbox 1449 3545 1583 3616; x_wconf 91' lang='lat' dir='ltr'><strong>ibidem</strong></span> 
     </span>
     <span class='ocr_line' id='line_1_24' title="bbox 238 3651 1710 3745; baseline 0.003 -19"><span class='ocrx_word' id='word_1_190' title='bbox 238 3657 443 3727; x_wconf 77' lang='lat' dir='ltr'><strong>uiuentium</strong></span> <span class='ocrx_word' id='word_1_191' title='bbox 468 3655 723 3726; x_wconf 89' lang='lat' dir='ltr'><strong>conuertendis</strong></span> <span class='ocrx_word' id='word_1_192' title='bbox 745 3693 753 3710; x_wconf 94' lang='lat'><strong>·</strong></span> <span class='ocrx_word' id='word_1_193' title='bbox 776 3651 945 3724; x_wconf 88' lang='lat' dir='ltr'><strong>Secunda</strong></span> <span class='ocrx_word' id='word_1_194' title='bbox 969 3651 1154 3745; x_wconf 88' lang='lat' dir='ltr'><strong>prebenda</strong></span> <span class='ocrx_word' id='word_1_195' title='bbox 1179 3654 1331 3724; x_wconf 86' lang='lat' dir='ltr'><strong>canonis</strong></span> <span class='ocrx_word' id='word_1_196' title='bbox 1352 3653 1710 3734; x_wconf 72' lang='lat' dir='ltr'><strong>Precentoriecantar</strong></span> 
     </span>
     <span class='ocr_line' id='line_1_25' title="bbox 236 3760 1585 3862; baseline -0.001 -22"><span class='ocrx_word' id='word_1_197' title='bbox 236 3761 434 3862; x_wconf 71' lang='lat' dir='ltr'><strong>affiguntur</strong></span> <span class='ocrx_word' id='word_1_198' title='bbox 450 3761 600 3838; x_wconf 84' lang='lat' dir='ltr'><strong>ecclelia</strong></span> <span class='ocrx_word' id='word_1_199' title='bbox 616 3766 663 3836; x_wconf 92' lang='lat' dir='ltr'><strong>de</strong></span> <span class='ocrx_word' id='word_1_200' title='bbox 680 3760 902 3835; x_wconf 81' lang='lat' dir='ltr'><strong>Hucbtirliff</strong></span> <span class='ocrx_word' id='word_1_201' title='bbox 917 3785 1001 3833; x_wconf 90' lang='lat' dir='ltr'><strong>cunr</strong></span> <span class='ocrx_word' id='word_1_202' title='bbox 1018 3763 1187 3834; x_wconf 89' lang='lat' dir='ltr'><strong>omnibus</strong></span> <span class='ocrx_word' id='word_1_203' title='bbox 1204 3765 1378 3836; x_wconf 72' lang='lat' dir='ltr'><strong>fruttibus</strong></span> <span class='ocrx_word' id='word_1_204' title='bbox 1397 3767 1585 3839; x_wconf 88' lang='lat' dir='ltr'><strong>obuentio-</strong></span> 
     </span>
     <span class='ocr_line' id='line_1_26' title="bbox 234 3873 1584 3971; baseline 0.001 -21"><span class='ocrx_word' id='word_1_205' title='bbox 234 3879 347 3950; x_wconf 88' lang='lat' dir='ltr'><strong>nibus</strong></span> <span class='ocrx_word' id='word_1_206' title='bbox 362 3887 402 3950; x_wconf 89' lang='lat' dir='ltr'><strong>et</strong></span> <span class='ocrx_word' id='word_1_207' title='bbox 418 3877 548 3949; x_wconf 88' lang='lat' dir='ltr'><strong>ceteris</strong></span> <span class='ocrx_word' id='word_1_208' title='bbox 572 3875 804 3969; x_wconf 88' lang='lat' dir='ltr'><strong>pertinencijs</strong></span> <span class='ocrx_word' id='word_1_209' title='bbox 821 3873 867 3946; x_wconf 87' lang='lat' dir='ltr'><strong>ed</strong></span> <span class='ocrx_word' id='word_1_210' title='bbox 888 3874 1040 3946; x_wconf 87' lang='lat' dir='ltr'><strong>eandem</strong></span> <span class='ocrx_word' id='word_1_211' title='bbox 1066 3873 1339 3968; x_wconf 72' lang='lat' dir='ltr'><strong>spectantibus·</strong></span> <span class='ocrx_word' id='word_1_212' title='bbox 1357 3876 1481 3949; x_wconf 80' lang='lat' dir='ltr'><strong>Tertia</strong></span> <span class='ocrx_word' id='word_1_213' title='bbox 1503 3900 1584 3971; x_wconf 88' lang='lat' dir='ltr'><strong>pre-</strong></span> 
     </span>
     <span class='ocr_line' id='line_1_27' title="bbox 234 3981 1796 4083; baseline 0.001 -21"><span class='ocrx_word' id='word_1_214' title='bbox 234 3991 358 4062; x_wconf 87' lang='lat' dir='ltr'><strong>benda</strong></span> <span class='ocrx_word' id='word_1_215' title='bbox 374 3991 526 4062; x_wconf 84' lang='lat' dir='ltr'><strong>canonic</strong></span> <span class='ocrx_word' id='word_1_216' title='bbox 538 3987 763 4060; x_wconf 80' lang='lat' dir='ltr'><strong>cancellarie</strong></span> <span class='ocrx_word' id='word_1_217' title='bbox 781 3981 976 4080; x_wconf 78' lang='lat' dir='ltr'><strong>affiguntur</strong></span> <span class='ocrx_word' id='word_1_218' title='bbox 993 3985 1133 4058; x_wconf 88' lang='lat' dir='ltr'><strong>decima</strong></span> <span class='ocrx_word' id='word_1_219' title='bbox 1149 3983 1298 4079; x_wconf 87' lang='lat' dir='ltr'><strong>piscarie</strong></span> <span class='ocrx_word' id='word_1_220' title='bbox 1315 3987 1361 4058; x_wconf 89' lang='lat' dir='ltr'><strong>dc</strong></span> <span class='ocrx_word' id='word_1_221' title='bbox 1375 3987 1585 4083; x_wconf 86' lang='lat' dir='ltr'><strong>Palgoueny</strong></span> <span class='ocrx_word' id='word_1_222' title='bbox 1596 4005 1796 4064; x_wconf 65' lang='lat' dir='ltr'><strong>monades</strong></span> 
     </span>
     <span class='ocr_line' id='line_1_28' title="bbox 232 4093 1586 4191; baseline 0.001 -18"><span class='ocrx_word' id='word_1_223' title='bbox 232 4103 298 4174; x_wconf 89' lang='lat' dir='ltr'><strong>cui</strong></span> <span class='ocrx_word' id='word_1_224' title='bbox 316 4097 539 4173; x_wconf 77' lang='lat' dir='ltr'><strong>considerata</strong></span> <span class='ocrx_word' id='word_1_225' title='bbox 554 4097 652 4171; x_wconf 66' lang='lat' dir='ltr'><strong>didos</strong></span> <span class='ocrx_word' id='word_1_226' title='bbox 668 4096 850 4191; x_wconf 86' lang='lat' dir='ltr'><strong>prebende</strong></span> <span class='ocrx_word' id='word_1_227' title='bbox 873 4097 1058 4168; x_wconf 89' lang='lat' dir='ltr'><strong>tenuitate</strong></span> <span class='ocrx_word' id='word_1_228' title='bbox 1083 4093 1279 4191; x_wconf 82' lang='lat' dir='ltr'><strong>affignatur</strong></span> <span class='ocrx_word' id='word_1_229' title='bbox 1295 4098 1420 4170; x_wconf 88' lang='lat' dir='ltr'><strong>totalis</strong></span> <span class='ocrx_word' id='word_1_230' title='bbox 1436 4096 1586 4174; x_wconf 85' lang='lat' dir='ltr'><strong>ecclelia</strong></span> 
     </span>
     <span class='ocr_line' id='line_1_29' title="bbox 232 4207 1585 4303; baseline -0.002 -18"><span class='ocrx_word' id='word_1_231' title='bbox 232 4213 284 4285; x_wconf 88' lang='lat' dir='ltr'><strong>de</strong></span> <span class='ocrx_word' id='word_1_232' title='bbox 301 4209 410 4285; x_wconf 85' lang='lat' dir='ltr'><strong>Braii</strong></span> <span class='ocrx_word' id='word_1_233' title='bbox 418 4235 501 4284; x_wconf 89' lang='lat' dir='ltr'><strong>cum</strong></span> <span class='ocrx_word' id='word_1_234' title='bbox 519 4211 686 4282; x_wconf 90' lang='lat' dir='ltr'><strong>omnibus</strong></span> <span class='ocrx_word' id='word_1_235' title='bbox 702 4208 876 4280; x_wconf 70' lang='lat' dir='ltr'><strong>trudibus</strong></span> <span class='ocrx_word' id='word_1_236' title='bbox 894 4207 1175 4280; x_wconf 89' lang='lat' dir='ltr'><strong>obuentionibus</strong></span> <span class='ocrx_word' id='word_1_237' title='bbox 1192 4217 1231 4279; x_wconf 89' lang='lat' dir='ltr'><strong>et</strong></span> <span class='ocrx_word' id='word_1_238' title='bbox 1248 4210 1379 4280; x_wconf 87' lang='lat' dir='ltr'><strong>ceteris</strong></span> <span class='ocrx_word' id='word_1_239' title='bbox 1401 4211 1585 4303; x_wconf 90' lang='lat' dir='ltr'><strong>pertinen-</strong></span> 
     </span>
     <span class='ocr_line' id='line_1_30' title="bbox 230 4317 1814 4418; baseline -0.001 -21"><span class='ocrx_word' id='word_1_240' title='bbox 230 4325 302 4418; x_wconf 90' lang='lat' dir='ltr'><strong>cijs</strong></span> <span class='ocrx_word' id='word_1_241' title='bbox 319 4325 364 4396; x_wconf 85' lang='lat' dir='ltr'><strong>ad</strong></span> <span class='ocrx_word' id='word_1_242' title='bbox 381 4323 534 4396; x_wconf 79' lang='lat' dir='ltr'><strong>eandem</strong></span> <span class='ocrx_word' id='word_1_243' title='bbox 551 4321 794 4416; x_wconf 71' lang='lat' dir='ltr'><strong>spectantibus</strong></span> <span class='ocrx_word' id='word_1_244' title='bbox 808 4361 816 4377; x_wconf 94' lang='lat'><strong>·</strong></span> <span class='ocrx_word' id='word_1_245' title='bbox 831 4319 972 4404; x_wconf 86' lang='lat' dir='ltr'><strong>Quarta</strong></span> <span class='ocrx_word' id='word_1_246' title='bbox 987 4318 1172 4412; x_wconf 87' lang='lat' dir='ltr'><strong>prebenda</strong></span> <span class='ocrx_word' id='word_1_247' title='bbox 1188 4321 1341 4390; x_wconf 86' lang='lat' dir='ltr'><strong>canonis</strong></span> <span class='ocrx_word' id='word_1_248' title='bbox 1353 4317 1584 4395; x_wconf 82' lang='lat' dir='ltr'><strong>Thesaurarie</strong></span> <span class='ocrx_word' id='word_1_249' title='bbox 1597 4331 1814 4402; x_wconf 58' lang='lat' dir='ltr'><strong>atuor-artur</strong></span> 
     </span>
     <span class='ocr_line' id='line_1_31' title="bbox 229 4429 1585 4532; baseline -0.001 -23"><span class='ocrx_word' id='word_1_250' title='bbox 229 4431 434 4532; x_wconf 76' lang='lat' dir='ltr'><strong>affiguntur</strong></span> <span class='ocrx_word' id='word_1_251' title='bbox 457 4443 538 4506; x_wconf 88' lang='lat' dir='ltr'><strong>tota</strong></span> <span class='ocrx_word' id='word_1_252' title='bbox 563 4429 713 4506; x_wconf 77' lang='lat' dir='ltr'><strong>ecclesis</strong></span> <span class='ocrx_word' id='word_1_253' title='bbox 729 4433 775 4504; x_wconf 91' lang='lat' dir='ltr'><strong>de</strong></span> <span class='ocrx_word' id='word_1_254' title='bbox 792 4430 940 4522; x_wconf 86' lang='lat' dir='ltr'><strong>Dauyot</strong></span> <span class='ocrx_word' id='word_1_255' title='bbox 957 4453 1042 4501; x_wconf 89' lang='lat' dir='ltr'><strong>curn</strong></span> <span class='ocrx_word' id='word_1_256' title='bbox 1063 4432 1230 4502; x_wconf 92' lang='lat' dir='ltr'><strong>omnibus</strong></span> <span class='ocrx_word' id='word_1_257' title='bbox 1247 4429 1424 4504; x_wconf 70' lang='lat' dir='ltr'><strong>fructibus</strong></span> <span class='ocrx_word' id='word_1_258' title='bbox 1448 4434 1585 4507; x_wconf 89' lang='lat' dir='ltr'><strong>obuen-</strong></span> 
     </span>
     <span class='ocr_line' id='line_1_32' title="bbox 228 4540 1584 4640; baseline 0.001 -22"><span class='ocrx_word' id='word_1_259' title='bbox 228 4547 397 4620; x_wconf 87' lang='lat' dir='ltr'><strong>tionibus</strong></span> <span class='ocrx_word' id='word_1_260' title='bbox 410 4556 450 4618; x_wconf 92' lang='lat' dir='ltr'><strong>et</strong></span> <span class='ocrx_word' id='word_1_261' title='bbox 462 4547 591 4618; x_wconf 87' lang='lat' dir='ltr'><strong>ceteris</strong></span> <span class='ocrx_word' id='word_1_262' title='bbox 604 4543 837 4638; x_wconf 87' lang='lat' dir='ltr'><strong>pertinencijs</strong></span> <span class='ocrx_word' id='word_1_263' title='bbox 848 4542 894 4615; x_wconf 87' lang='lat' dir='ltr'><strong>ed</strong></span> <span class='ocrx_word' id='word_1_264' title='bbox 908 4543 1062 4615; x_wconf 87' lang='lat' dir='ltr'><strong>eandem</strong></span> <span class='ocrx_word' id='word_1_265' title='bbox 1078 4540 1341 4636; x_wconf 77' lang='lat' dir='ltr'><strong>spectantibus·</strong></span> <span class='ocrx_word' id='word_1_266' title='bbox 1354 4543 1492 4628; x_wconf 84' lang='lat' dir='ltr'><strong>Quinta</strong></span> <span class='ocrx_word' id='word_1_267' title='bbox 1504 4571 1584 4640; x_wconf 89' lang='lat' dir='ltr'><strong>pre-</strong></span> 
     </span>
    </p>
   </div>
   <div class='ocr_carea' id='block_1_7' title="bbox 0 0 2030 5534">
    <p class='ocr_par' dir='ltr' id='par_1_8' title="bbox 0 0 2030 5534">
     <span class='ocr_line' id='line_1_33' title="bbox 0 0 2030 5534; baseline 0 12"><span class='ocrx_word' id='word_1_268' title='bbox 0 0 2030 5534; x_wconf 95' lang='lat' dir='ltr'><strong> </strong></span> 
     </span>
    </p>
   </div>
  </div>
 </body>
</html>
