4050 5534
247 645 331 742 xa]
719 642 1122 717 nsnanoiuiusn.
1545 653 1591 724 ss

246 856 283 917 et
303 847 470 919 concordi
496 840 634 916 assensu
660 857 698 917 et
723 842 895 917 consensu
921 847 1174 916 canonicorum
1203 839 1403 915 nostrorum
1430 845 1468 914 in
1496 845 1614 952 dittay

246 961 523 1054 congregatione
539 958 698 1053 generali
718 953 1003 1029 intereffentium
1020 980 1061 1028 ac
1075 958 1281 1027 ordinamus
1299 957 1588 1030 confirmationes

245 1068 542 1143 testamentorum
568 1072 730 1141 omnium
748 1081 786 1142 et
803 1066 1024 1164 singulorum
1048 1071 1301 1142 canonicorum
1319 1070 1413 1142 diste
1438 1066 1588 1142 ecclesie

244 1197 319 1255 tam
346 1185 639 1278 indignitatibus
666 1181 943 1255 constitutorum
960 1205 1067 1274 quani
1093 1181 1244 1253 aliorum
1270 1204 1334 1275 pro
1360 1191 1523 1277 tempore
1549 1186 1586 1254 iii

243 1295 341 1369 disca
357 1299 509 1369 canonia
524 1293 757 1367 refidentium
772 1294 852 1366 Deo
865 1291 1099 1365 seruientium
1118 1303 1155 1365 et
1173 1291 1431 1366 seruiturorum
1445 1319 1587 1367 necnon

244 1418 284 1478 ct
299 1410 462 1479 omnium
480 1408 624 1479 illorum
641 1409 894 1480 canonicorum
921 1404 1080 1478 eiusdem
1098 1402 1247 1477 ecclesie
1264 1407 1325 1498 qui
1351 1407 1485 1478 ibidem
1503 1406 1586 1480 resi-

244 1520 406 1592 dentiam
431 1521 680 1593 inchoaueriut
706 1520 792 1592 licet
818 1515 1046 1590 residentiam
1068 1541 1141 1589 non
1159 1518 1420 1612 compleuerint
1437 1521 1587 1592 ubicun-

244 1656 313 1725 que
330 1656 393 1704 eos
408 1636 500 1704 mori
518 1635 706 1728 contingat
723 1657 788 1726 pro
806 1655 900 1704 anno
917 1653 990 1724 quo
1006 1628 1234 1704 residentiam
1255 1633 1504 1706 inchoauerint
1521 1646 1584 1706 aut

243 1745 505 1839 compleuerint
532 1769 673 1817 necnon
691 1745 902 1816 vicariorum
926 1741 1198 1837 ‚capellanorum
1224 1754 1262 1816 et
1287 1744 1498 1817 clericorum
1522 1752 1584 1840 qui

244 1859 288 1929 ad
305 1859 470 1930 diuinum
496 1859 652 1930 officium
674 1859 842 1929 diurnum
868 1858 1003 1950 pariter
1019 1867 1057 1928 et
1074 1858 1289 1928 noeturnum
1307 1859 1345 1928 iu
1362 1859 1470 1930 choro
1488 1859 1583 1933 dicte

244 1966 393 2042 ecclesie
416 1971 553 2042 fuerint·
578 1967 711 2042 astridi
728 1981 767 2040 et
784 1970 933 2064 obligati
957 1968 1152 2039 dummodo
1176 1967 1263 2041 dicti
1281 1970 1401 2063 vicarij
1420 1972 1518 2043 chori
1544 1984 1583 2045 et

243 2082 363 2155 clerici
376 2106 449 2154 non
467 2079 537 2155 lint
551 2083 756 2155 beneficiati
773 2083 817 2154 ad
836 2082 977 2152 exitum
994 2104 1036 2152 ac
1054 2081 1165 2152 etiam
1182 2083 1441 2176 mancipiorum
1458 2086 1495 2154 iu
1514 2082 1583 2157 ser-

245 2196 345 2288 uicijs
362 2195 539 2269 distorum
556 2198 809 2268 canonicorum
826 2193 1015 2266 adualiter
1032 2188 1269 2264 insistentium
1288 2194 1333 2265 ad
1351 2196 1526 2268 decanum
1544 2211 1583 2270 et

243 2308 442 2401 capitulum
468 2305 616 2380 ecclesie
641 2303 759 2379 nostre
784 2331 847 2400 pro
873 2319 1037 2400 tempore
1062 2301 1257 2376 existentes
1283 2316 1321 2377 et
1350 2308 1388 2379 iu
1419 2306 1584 2382 absencia

163 2419 168 2429 '
242 2422 370 2492 decani
388 2420 433 2492 ad
450 2422 622 2492 maiorem
639 2416 889 2514 presedentem
916 2420 1128 2491 canonicum
1147 2428 1183 2489 et
1202 2418 1401 2512 capitulum
1426 2419 1583 2514 spectare

243 2531 405 2626 plenarie
420 2544 459 2604 et
476 2534 658 2627 pertinere
674 2541 712 2603 et
730 2531 967 2602 elsedcualiter
982 2554 1047 2624 per
1064 2529 1206 2602 eosdem
1233 2533 1433 2604 confirmari
1450 2535 1582 2607 debere

246 2640 318 2716 line
344 2644 496 2717 licencia
528 2642 648 2716 nostra
672 2654 737 2716 aut
761 2639 994 2719 successorum
1026 2638 1227 2714 nostrorum
1255 2647 1413 2737 peteuda
1438 2647 1496 2718 vel
1521 2649 1584 2720 ob·
1629 2635 1632 2646 ⁵

242 2758 394 2829 tinenda
416 2797 425 2815 ·
449 2767 489 2828 et
513 2759 552 2828 in
578 2759 754 2828 decanum
780 2765 819 2827 et
843 2755 1041 2851 capitulum
1067 2767 1104 2827 et
1132 2758 1170 2826 in
1195 2753 1360 2829 absencia
1389 2760 1515 2832 decani
1545 2764 1582 2833 in
1669 2825 1674 2834 .

229 2871 415 2942 maiorem
432 2869 679 2964 presedentem
699 2879 737 2941 et
755 2869 954 2962 capitulum
975 2880 1013 2938 vt
1030 2865 1234 2961 premissum
1253 2865 1305 2938 est
1322 2892 1406 2940 cuni
1422 2871 1584 2964 plenaria

241 2981 422 3076 potestate
447 2984 617 3054 monendi
643 2980 879 3076 suspendendi
913 2981 1249 3053 excommunicandi
1280 2991 1318 3052 et
1344 2983 1583 3056 interdicendi

243 3119 384 3167 necnon
401 3093 567 3190 personas
583 3093 675 3189 ipsas
688 3091 737 3166 fic
751 3096 1081 3165 excommunicatas
1098 3090 1279 3186 suspensas
1293 3101 1356 3164 aut
1374 3095 1583 3170 interdidtas
1691 3191 1693 3196 Ι

243 3209 279 3278 in
298 3210 414 3280 forma
429 3204 578 3280 ecclesie
594 3206 803 3280 absoluendi
822 3214 860 3278 et
877 3205 1062 3277 relaxandi
1081 3202 1324 3276 transierimus
1342 3213 1380 3276 et
1397 3228 1461 3299 pro
1478 3210 1583 3280 nobis

242 3331 282 3392 et
294 3319 547 3393 sueoefforibus
563 3317 692 3391 nostris
708 3344 773 3413 per
785 3316 967 3412 presentes
984 3317 1092 3411 plene
1105 3319 1328 3388 comittimus
1339 3320 1435 3390 vices
1447 3316 1584 3394 nostras

244 3445 282 3505 et
306 3434 549 3505 omnimodam
574 3429 790 3526 potestatem
817 3433 911 3503 circa
935 3429 1225 3502 confirmationes
1250 3429 1452 3502 huiusmodi
1476 3431 1584 3511 testa.

243 3557 449 3625 mentorum
474 3560 513 3618 et
538 3547 633 3618 circa
658 3548 780 3616 omnia
804 3554 843 3616 et
867 3538 1007 3638 lingula
1031 3543 1069 3614 in
1092 3539 1319 3614 testamentis
1346 3554 1519 3618 contenta
1543 3557 1583 3618 et

244 3660 486 3754 dependentia
514 3682 561 3729 ex
594 3655 727 3729 eisdem
769 3679 910 3728 necnon
944 3665 983 3726 et
1017 3655 1112 3726 circa
1153 3664 1304 3726 anuatas
1343 3653 1406 3726 seu
1439 3658 1584 3730 annalia

243 3751 538 3865 quorumcunque
561 3769 818 3842 beneficiorum
837 3769 882 3840 ad
907 3764 1000 3860 ipsos
1017 3769 1206 3838 canonicos
1224 3763 1272 3838 fic
1288 3767 1507 3840 decedentes
1525 3770 1582 3843 vel

244 3907 367 3955 eorum
393 3893 606 3955 executores
629 3879 828 3975 spectantia
856 3880 1073 3971 ubicumque
1098 3880 1192 3951 infra
1219 3874 1374 3951 nostram
1405 3878 1582 3952 diocesem

244 3992 539 4068 Aberdonensem
562 4017 604 4066 ae
622 3995 733 4065 etiam
751 3993 796 4064 ad
814 3990 1103 4085 compellendum
1123 4000 1337 4062 executores
1354 3991 1583 4066 confirmatos

244 4111 346 4179 iuxta
370 4106 591 4202 exigentiam
616 4106 790 4199 temporis
814 4127 880 4198 per
904 4089 1089 4175 censuram
1116 4098 1264 4174 ecclesie
1289 4102 1335 4174 ad
1360 4089 1582 4176 reddendum

244 4229 451 4313 compotum
465 4219 510 4290 de
523 4214 831 4290 administratione
843 4216 1020 4286 bonomm
1037 4230 1075 4286 et
1093 4239 1154 4286 eos
1171 4238 1255 4286 cum
1271 4225 1416 4308 tempus
1429 4219 1583 4312 exigerit

244 4331 513 4403 exonerandum
524 4341 564 4402 et
574 4328 881 4422 quitclainaudum
894 4350 1117 4422 proquomm
1128 4327 1274 4420 quidem
1285 4324 1583 4402 testamentorum

243 4443 576 4517 confirmationibus
588 4451 802 4513 executores
818 4450 992 4512 tenentur
1004 4437 1143 4510 soluere
1161 4439 1296 4510 decano
1314 4448 1352 4510 et
1370 4441 1528 4534 capitulo
1545 4454 1583 4514 et

243 4560 281 4629 in
295 4556 422 4628 decani
435 4553 601 4627 absencia
612 4555 737 4626 maiori
752 4551 955 4647 presedenti
971 4561 1011 4623 et
1029 4551 1187 4645 capitulo
1201 4553 1290 4623 duos
1307 4548 1436 4624 solidos
1452 4555 1490 4625 in
1504 4553 1585 4628 vius

291 4688 378 4742 voi..
391 4687 437 4739 11.
903 4685 933 4736 ia
