4050 5534
249 620 349 716 xvc]
711 623 1117 700 nannnouansn.
1333 577 1336 586 ’
1541 639 1586 708 aa

247 819 502 896 interescentes
519 848 566 896 ex
583 825 678 897 diota
703 824 878 899 facultate
903 821 1092 899 sustentati
1111 835 1148 898 et
1165 849 1231 919 per
1255 827 1392 900 discum
1418 851 1585 902 reneren-

246 933 330 1003 dum
355 946 496 1029 patrem
514 947 552 1008 ct
569 934 672 1008 suum
690 938 888 1032 capitulum
912 935 1051 1010 admiffi
1068 949 1107 1010 et
1124 934 1281 1011 instituti
1305 950 1413 1033 prout
1431 964 1477 1012 ex
1495 953 1583 1015 tunc

244 1043 382 1119 eosdem
410 1050 539 1146 viginti
562 1053 713 1122 vicarios
738 1051 863 1123 annuli
888 1049 941 1123 sui
963 1051 1086 1147 digitis
1110 1047 1329 1147 singulorum
1355 1049 1582 1146 impositione

243 1155 400 1233 instituit
425 1172 464 1234 et
480 1160 624 1235 admisit
638 1160 697 1236 src
723 1164 891 1235 videlicet
912 1165 1008 1256 quod
1026 1165 1063 1234 in
1081 1164 1244 1236 futurum
1270 1187 1343 1235 non
1369 1160 1414 1236 srt
1439 1165 1580 1239 licitum

242 1272 456 1368 cuicumque
468 1272 610 1347 eosdem
626 1278 775 1348 vicarios
791 1271 857 1347 nili
870 1276 1129 1369 depriuationie
1147 1272 1251 1348 causa
1268 1276 1313 1348 dc
1331 1277 1408 1348 iure
1421 1274 1581 1371 expressa

241 1395 348 1474 prout
373 1387 531 1459 vixerint
557 1411 743 1460 remouere
769 1386 831 1458 seu
858 1389 1047 1481 depriuare
1065 1429 1073 1446 ·
1092 1387 1154 1460 scd
1179 1398 1323 1460 tantum
1341 1389 1494 1484 cedente
1520 1391 1578 1462 vel

241 1493 439 1569 decedente
464 1499 583 1592 aliquo
609 1511 673 1572 aut
698 1499 877 1592 aliquibus
905 1501 1146 1594 predidornm
1176 1499 1269 1572 alter
1293 1511 1356 1573 aut
1385 1501 1506 1595 plures
1540 1506 1577 1575 in

239 1629 362 1679 eorum
380 1609 469 1684 locis
485 1622 524 1684 ct
540 1613 586 1685 ud
603 1611 744 1685 easdem
768 1611 830 1683 seu
856 1612 1009 1684 eandem
1027 1609 1316 1686 distributionem
1334 1611 1397 1686 seu
1413 1611 1577 1688 distribu-

238 1721 355 1793 tiones
371 1719 510 1796 institui
528 1726 684 1798 debeant
700 1735 739 1797 et
755 1727 891 1819 imponi
910 1765 918 1782 ·
937 1724 1094 1817 Duoquo
1120 1725 1260 1797 diaconi
1278 1726 1350 1797 duo
1370 1723 1574 1800 subdiaconi

237 1832 308 1902 dno
325 1835 468 1909 accoliti
483 1861 574 1910 vnus
586 1834 729 1910 sacrista
741 1847 779 1911 et
794 1838 959 1909 vndecim
972 1839 1075 1932 pueri
1088 1839 1192 1910 iuxta
1203 1835 1463 1932 infrascriptam
1475 1837 1574 1912 suam

238 1945 273 2013 iu
290 1947 397 2020 modo
414 1952 476 2042 qui
493 1949 655 2045 sequitur
671 1947 958 2023 distributionem
975 1949 1142 2022 collocari
1161 1951 1247 2022 fecit
1262 1988 1270 2007 ·
1285 1973 1392 2044 quam
1410 1948 1576 2024 distribu-

194 2087 202 2098 ·
236 2058 371 2131 tionem
398 2073 437 2134 et
461 2065 693 2157 partitionem
717 2065 811 2135 dieo
836 2061 1020 2135 facultatis
1036 2085 1101 2156 pro
1118 2073 1293 2156 perpetuo
1318 2063 1575 2136 inuiolabiliter

237 2167 492 2247 obseruandum
503 2179 664 2270 precepit
675 2185 713 2248 et
726 2176 906 2248 ordinauit
920 2185 958 2246 et
966 2171 1177 2262 seruandam
1189 2175 1438 2246 indubitanter
1448 2172 1574 2248 statuit

235 2293 272 2350 et
292 2283 454 2358 decreuit
471 2327 480 2344 ·
499 2288 658 2371 Monens
683 2310 807 2360 omnes
832 2298 871 2360 et
896 2283 1053 2382 singulos
1079 2284 1334 2380 cuiuscumque
1357 2283 1593 2361 conditionis

236 2388 348 2467 statua
363 2400 495 2492 gradus
520 2411 584 2472 aut
611 2403 813 2472 eminencie
837 2395 996 2472 existant
1023 2422 1069 2470 ue
1094 2399 1290 2492 predistam
1316 2396 1415 2472 suom
1433 2401 1574 2474 ordina·

234 2507 370 2580 tionem
387 2509 677 2585 distributionem
700 2523 913 2607 perpetuam
931 2521 969 2583 et
985 2512 1220 2605 partitionem
1238 2523 1278 2582 vt
1302 2510 1464 2605 sequitui
1488 2538 1574 2608 quo-

234 2617 424 2712 uisquefito
453 2626 573 2698 colore
597 2627 777 2699 contraire
798 2626 994 2720 infringere
1023 2633 1087 2695 aut
1115 2624 1360 2698 contradicere
1386 2624 1571 2720 quisquam

232 2731 413 2823 presumat
424 2733 489 2810 sub
506 2761 600 2833 pena
617 2739 1001 2812 excommunicationis
1013 2738 1158 2808 maioris
1175 2759 1283 2828 quam
1297 2738 1334 2808 in
1353 2741 1570 2810 contrarium

231 2842 424 2920 facientem
449 2849 524 2945 ipso
549 2853 642 2924 fatto
660 2852 824 2923 incutere
845 2850 962 2920 voluit
978 2858 1017 2920 et
1036 2847 1115 2919 vult
1130 2871 1196 2941 per
1220 2846 1404 2942 presentes
1428 2889 1438 2908 ·
1460 2850 1572 2923 Leda

231 2965 270 3027 et
292 2961 372 3031 afta
390 2961 539 3035 fuerunt
566 2965 632 3036 hec
655 2965 750 3037 infra
778 2957 966 3036 ecclesiam
995 2970 1034 3032 et
1061 2959 1260 3054 capitulum
1285 2958 1444 3032 eiusdem
1469 2975 1571 3034 ante-

230 3069 361 3143 dictam
379 3097 474 3146 anno
492 3075 550 3148 die
567 3073 689 3148 mense
706 3085 746 3148 et
762 3074 842 3148 loco
859 3074 1059 3168 prenotatis
1077 3113 1085 3129 ·

229 3405 444 3483 Distributio
472 3424 512 3485 et
540 3411 727 3510 affignatio
751 3413 936 3487 facultatis
963 3383 1218 3482 canonicorum
1244 3407 1390 3506 insignis
1420 3411 1568 3484 ecclesie

227 3522 444 3597 cathedralis
469 3523 737 3600 Aberdonenlis
763 3529 844 3599 atta
860 3536 899 3597 et
915 3522 1099 3618 publicata
1115 3524 1152 3592 in
1170 3522 1278 3594 domo
1304 3524 1492 3618 capitulari
1510 3527 1568 3597 die

226 3631 333 3705 Jouis
357 3633 510 3730 septimo
536 3640 595 3711 die
622 3636 744 3711 mense
770 3635 862 3731 Maij
888 3658 983 3709 anno
1010 3634 1158 3707 Domini
1184 3631 1373 3707 millesimo
1393 3639 1568 3732 quingen-

227 3741 355 3818 tesimo
371 3745 473 3822 sexto
491 3791 499 3808 ·

327 3971 590 4050 Canonicomm
608 3977 757 4072 capituli
774 3970 1042 4046 Aberdoneufis
1068 3973 1185 4066 quoad
1203 3973 1352 4044 vicarios
1370 3975 1566 4046 eorundem

327 4087 364 4157 in
381 4088 489 4160 clroro
506 4089 658 4162 facultas
675 4099 716 4159 vt
731 4086 911 4180 sequitur·

225 4308 270 4380 In
299 4310 423 4404 primis
442 4314 489 4385 de
506 4316 721 4386 canonicatu
747 4324 786 4385 et
810 4313 994 4407 prebenda
1019 4269 1155 4382 domini
1182 4305 1291 4380 nostri
1314 4306 1468 4404 episcopi

326 4425 474 4516 predicti
492 4450 586 4500 anno
604 4449 675 4519 quo
692 4423 796 4519 supra
895 4478 903 4496 .
1006 4477 1014 4493 .
1097 4422 1210 4514 vjli’o.
1228 4423 1291 4516 xiij
1309 4419 1344 4493 ll.
1362 4424 1412 4516 iiij
1431 4419 1466 4495 d.
