4050 5534
416 693 460 757 52
936 677 1244 755 REGISTRUM
1611 676 1765 774 [secum

415 995 572 1067 Taxacio
610 990 841 1066 ecolefiarum
878 1001 918 1064 et
954 991 1216 1064 beneficiorum
1257 1012 1324 1085 per
1362 987 1608 1084 episcopatum
1648 989 1766 1060 Aber-

417 1106 640 1179 donensem·

545 1328 755 1401 Decenatus
773 1328 818 1399 de
837 1326 947 1399 Mar·
1119 1325 1322 1399 Dummeth
1340 1327 1414 1420 iiij·
1432 1349 1578 1400 meree·

1119 1436 1346 1532 Kynbethok
1382 1439 1491 1533 ·xviij·
1528 1461 1648 1511 marce
1684 1460 1765 1510 cum

417 1551 657 1645 Kyndrochet
679 1551 741 1644 iij·
762 1572 884 1621 meree
910 1573 993 1621 eum
1017 1549 1070 1621 di·
1169 1551 1345 1622 dimidie·

469 1665 582 1735 midie
600 1702 608 1718 ·
1121 1660 1369 1757 Innernoehty
1387 1663 1460 1755 ·xij·
1478 1685 1598 1736 meree
1616 1704 1624 1718 ·

417 1775 570 1868 Creythi
588 1775 659 1866 ·vij·
679 1795 826 1846 merce·
1121 1771 1340 1867 Codylstane
1357 1775 1431 1868 ·xij·
1449 1797 1594 1846 meree·

419 1885 618 1979 Kynmuck
637 1885 710 1977 ·xij·
730 1907 850 1956 marce
869 1924 877 1941 ·
1121 1883 1391 1981 Logyreuthuen
1410 1887 1508 1979 ·xiiij·
1527 1910 1673 1960 meree·

418 1995 549 2092 Obeyn
568 2011 606 2069 et
623 1996 912 2091 Tulynethtlayk
1120 1997 1214 2070 Coul
1231 1998 1314 2092 ·xiij·
1332 2021 1452 2070 meree
1470 2039 1478 2056 ·
1498 1999 1543 2070 de
1565 1999 1695 2091 quibus
1716 2003 1769 2072 vi-

466 2133 533 2203 per
547 2113 725 2182 re&mem
744 2110 854 2203 ·xxvj·
873 2131 1019 2179 marce·
1171 2113 1289 2182 carius
1328 2106 1559 2203 respondebit
1596 2133 1662 2204 pre
1696 2111 1769 2204 ·iiij·

467 2245 532 2315 per
550 2223 724 2294 vicarium
743 2221 816 2313 iiij·
836 2243 983 2291 marce·
1173 2223 1302 2294 marcis
1321 2262 1329 2279 ·

418 2332 509 2405 Bras
527 2334 653 2426 ·xxiiij·
672 2356 793 2404 marce
811 2374 819 2388 ·

419 2446 643 2540 Kyneerdyn
661 2446 760 2536 ·xxij·
781 2467 901 2516 merce
920 2487 928 2501 ·
1123 2443 1326 2539 Fethyrner
1342 2447 1530 2539 iij-merce
1541 2458 1579 2518 et
1593 2448 1741 2519 dimidia
1760 2491 1767 2504 ·

421 2557 479 2652 [et
491 2551 922 2628 terraeeelefiastiea·xx·
937 2554 1068 2649 libre]
1123 2555 1347 2651 Munymuik
1366 2581 1463 2630 ·xxx·
1482 2583 1601 2632 meree
1620 2601 1627 2616 ·

419 2668 626 2739 Lumfenan
645 2669 757 2761 ·xviij·
776 2690 898 2740 merce
930 2707 938 2721 ·

417 2781 538 2874 Cluny
557 2779 640 2873 eiij·
660 2803 781 2850 marce
799 2821 806 2836 ·
1201 2780 1352 2854 Summe
1369 2782 1477 2877 hujus
1495 2785 1690 2856 decanatus

417 2891 620 2987 Migmarre
638 2890 694 2983 ·vj·
714 2913 835 2962 merce
852 2931 860 2948 ·
1214 2915 1304 2966 -coe
1319 2905 1357 2967 et
1371 2894 1521 2989 ·lxxviij·
1535 2919 1676 2968 meree·

418 3004 622 3097 Kynnerny
640 3005 697 3096 ·vj·
716 3027 838 3075 marce
854 3042 862 3061 ·
877 3005 923 3074 de
941 3004 1073 3096 quibus

467 3117 622 3187 vicarius
656 3112 889 3208 respondebit
919 3138 984 3209 pro
1016 3119 1070 3208 ·ij·

467 3228 598 3297 mercis
616 3250 700 3298 eum
720 3227 895 3297 dimidie·
1214 3227 1423 3302 Decenatus
1440 3232 1486 3303 de
1503 3230 1691 3303 Buehania
1709 3274 1716 3288 ·

417 3338 546 3409 Tulich
566 3339 638 3429 iiij·
659 3359 808 3409 marce·

418 3449 526 3542 Kege
544 3473 590 3518 ·x·
610 3471 759 3520 meree·
801 3493 806 3500 -
1124 3451 1291 3524 Fouerne
1307 3453 1407 3547 eiiij·
1425 3477 1570 3528 marce·

419 3560 547 3631 Afford
566 3562 676 3653 ·xviij·
696 3584 843 3632 meree·
1122 3563 1224 3659 Logy
1243 3567 1352 3658 ·xviij·
1371 3589 1518 3638 meree·

419 3672 556 3743 Loehel
576 3694 622 3741 ·x·
641 3694 762 3744 meree
780 3710 788 3727 ·
807 3672 1001 3765 dequibus
1021 3677 1071 3744 vi·
1125 3674 1218 3747 Eion
1235 3699 1301 3770 per
1319 3678 1490 3749 vicarium
1509 3703 1581 3750 ·xx·
1601 3703 1745 3752 marce·

469 3785 586 3855 carius
603 3785 757 3876 percipit
774 3784 848 3877 iiij·
867 3807 1007 3857 marces
1026 3827 1033 3842 ·
1171 3809 1236 3879 per
1253 3789 1428 3860 reiterem
1447 3789 1517 3883 ·lvj·
1537 3813 1683 3864 merce·

420 3891 611 3987 Cuseheny
630 3897 688 3964 ix·
707 3917 829 3966 merce
847 3937 855 3950 ·
1124 3897 1248 3992 Furuy
1266 3900 1322 3993 ·vj·
1340 3925 1460 3974 meree
1478 3943 1486 3958 ·

420 4007 555 4077 Forbes
573 4007 658 4097 eiij·
676 4029 797 4077 marce
816 4047 824 4062 ·
974 4051 980 4061 ·
1119 4009 1250 4104 Slenye
1277 4013 1374 4105 ·xvij·
1402 4035 1522 4085 meree
1540 4054 1548 4071 ·
1567 4038 1632 4109 per
1657 4026 1771 4087 terras

418 4118 676 4212 Kyndrummy
693 4119 765 4210 ·vij·
784 4141 904 4189 meree
922 4159 930 4176 ·
1155 4121 1314 4195 eiusdem
1326 4125 1370 4217 ·ij·
1381 4148 1501 4197 marce
1512 4149 1596 4198 cum
1608 4127 1771 4200 dimidie·

418 4229 845 4324 TarueleynetMigueth
857 4253 928 4302 αι·
940 4255 1073 4303 meree·
1124 4232 1301 4307 Crowdan
1320 4237 1381 4308 ·xl·
1399 4259 1546 4310 meree·

420 4340 577 4412 Cloueth
594 4341 652 4433 iij·
670 4363 791 4412 marce
804 4365 888 4413 cum
904 4342 1071 4415 dimidia·
1124 4343 1309 4441 Inuerugy
1327 4347 1427 4420 Petri

421 4452 687 4525 Daueehendor
703 4454 777 4545 ·xij·
797 4475 918 4525 meree
936 4492 943 4509 ·
1172 4480 1238 4550 per
1253 4457 1431 4531 rettorem
1450 4463 1546 4555 ·xvij·
1564 4485 1710 4536 maroe·

422 4561 677 4635 Morthelaehe
695 4585 794 4635 ·xxx·
813 4587 960 4636 meree·
1171 4592 1237 4662 per
1253 4571 1427 4643 vicarium
1446 4595 1516 4644 ·xv·
1536 4597 1656 4646 marce
1674 4616 1682 4631 ·
