4050 5534
428 638 472 702 48
948 627 1255 702 REGISTRUM
1624 631 1776 725 [secum

427 839 629 900 ceterorum
649 830 861 901 vicariorum
881 867 889 882 ·
907 827 1004 898 ltem
1031 827 1153 898 nullus
1171 829 1325 900 vicarius
1343 825 1380 898 se
1397 829 1539 900 minuat
1564 852 1631 900 nec
1648 854 1670 900 a
1687 831 1775 900 ciui-

427 951 505 1012 tate
532 944 679 1014 recedat
704 965 769 1035 per
787 963 894 1011 vnam
922 940 1066 1011 noaam
1089 961 1227 1010 mamm
1245 939 1330 1010 soris
1352 939 1509 1012 labturus
1535 937 1601 1012 nisi
1625 939 1776 1012 licencia

430 1056 544 1146 petita
561 1078 583 1125 a
599 1055 738 1126 decano
755 1061 795 1124 et
812 1063 966 1146 optenta
983 1090 993 1108 ·

873 1275 932 1348 De
946 1275 1076 1346 habitu
1095 1277 1306 1346 vicariorum
1328 1317 1336 1332 ·

433 1501 528 1572 Item
548 1511 735 1595 receptum
752 1499 805 1572 est
823 1511 862 1572 et
878 1501 1069 1593 probatum
1087 1501 1329 1570 communiter
1342 1499 1388 1571 de
1400 1499 1527 1572 habitu
1541 1501 1637 1592 quod
1651 1523 1775 1571 omnes

433 1614 705 1704 frequentantes
731 1614 879 1684 chorum
898 1613 951 1682 vti
968 1611 1105 1682 debent
1130 1612 1252 1703 cappis
1278 1613 1390 1706 nigris
1407 1621 1446 1682 et
1464 1609 1720 1705 superpellicijs
1737 1623 1775 1683 et

432 1725 591 1796 maxime
605 1726 727 1818 vicarij
746 1727 806 1817 qui
825 1719 1030 1794 ministrant
1048 1745 1112 1815 pro
1130 1723 1337 1794 canonicis·
1358 1722 1454 1793 Item
1472 1733 1594 1794 autem
1614 1728 1777 1796 canonici

432 1835 504 1908 suis
526 1833 726 1930 sumptibus
751 1833 952 1906 huiusmodi
979 1835 1144 1906 habitum
1171 1835 1361 1906 inueniant
1378 1844 1419 1904 vt
1444 1833 1518 1926 ipso
1545 1835 1670 1906 habitu
1697 1835 1779 1906 nus-

432 1971 540 2040 quam
566 1944 631 2019 nili
650 1951 687 2020 in
705 1947 884 2041 obseqnijs
908 1947 1042 2017 diuinis
1068 1955 1105 2016 et
1127 1941 1372 2016 ecclesiasticis
1397 1941 1472 2016 siue
1489 1947 1535 2017 de
1558 1948 1617 2018 die
1635 1942 1709 2020 fine
1732 1949 1777 2020 de

432 2061 537 2132 node
554 2062 607 2130 vti
633 2059 866 2153 presumant·
885 2057 960 2130 Sed
986 2079 1070 2129 cum
1087 2053 1274 2128 ecclesiam
1300 2053 1426 2151 egrelli
1450 2058 1586 2129 luerint
1611 2062 1775 2152 perfodis

433 2172 565 2242 debitis
582 2169 788 2264 ministerijs
805 2164 1052 2242 ecclesiasticis
1065 2178 1104 2238 et
1122 2165 1158 2238 se
1175 2169 1212 2238 in
1231 2164 1396 2262 hospieijs
1414 2167 1484 2240 suis
1502 2171 1695 2262 reciperint
1712 2169 1774 2242 nisi

433 2281 508 2353 sine
533 2306 635 2355 mora
656 2285 788 2354 iterum
807 2305 871 2375 pro
889 2276 1095 2372 ministerijs
1121 2274 1269 2350 ecclesie
1295 2280 1431 2351 fuerint
1447 2282 1492 2352 ad
1511 2277 1696 2354 ecclesiam
1722 2307 1776 2354 re·

107 2406 412 2476 aestuosissimum
435 2394 570 2466 uersari
593 2395 759 2466 habitum
777 2390 1016 2486 supradictum
1036 2401 1218 2462 exuantur
1236 2429 1244 2448 ·
1262 2391 1300 2461 in
1320 2390 1398 2462 loco
1419 2395 1555 2464 mundo
1572 2404 1611 2463 et
1627 2391 1775 2466 honesto

110 3301 239 3369 &prono

111 3517 300 3585 monoteta&

112 3745 245 3809 §arrisu
257 3745 348 3800 ueriti

433 2516 611 2599 reponant
624 2545 632 2560 ·
647 2507 714 2576 hoc
732 2505 978 2577 moderamine
996 2502 1141 2573 habitus
1158 2501 1274 2573 cultui
1289 2503 1413 2573 diuino
1428 2503 1568 2574 dicatus
1582 2505 1627 2575 ab
1640 2503 1775 2575 illicitis

434 2615 553 2689 esibus
578 2626 617 2688 et
640 2614 789 2687 sordidis
815 2615 987 2686 immunis
1012 2613 1175 2684 seruetur
1200 2623 1238 2684 et
1264 2615 1421 2685 mundus
1439 2655 1447 2672 ·
1467 2616 1527 2706 qui
1555 2625 1681 2687 contra
1710 2617 1774 2687 hoc

434 2730 559 2800 fecerit
577 2731 614 2798 in
628 2726 788 2821 capitulo
807 2726 1002 2796 secundum
1021 2727 1210 2796 arbitrium
1223 2726 1349 2798 decani
1364 2737 1402 2797 et
1416 2727 1564 2819 capituli
1583 2730 1774 2820 puniatur·

722 2950 780 3021 De
798 2950 938 3021 clericis
954 2970 1020 3040 per
1037 2949 1214 3019 decanum
1233 2950 1461 3020 inueniendis
1480 2989 1488 3006 ·

433 3177 605 3248 Preterea
632 3174 830 3246 ordinando
856 3174 1027 3244 duximus
1057 3169 1288 3243 statuendum
1319 3174 1415 3264 quod
1445 3175 1602 3245 decanus
1634 3177 1693 3266 qni
1724 3173 1776 3246 est

433 3289 548 3357 redbor
565 3283 714 3358 ecclesie
732 3284 778 3356 de
795 3284 967 3378 Kyrkton
990 3285 1122 3358 habeat
1139 3284 1229 3354 duos
1247 3283 1452 3377 capellanos
1477 3287 1645 3378 parochie
1664 3285 1777 3358 deser-

433 3398 575 3469 uientes
589 3420 701 3468 vnum
719 3391 869 3468 ecclesie
882 3396 928 3466 da
941 3395 1113 3488 Kyrkton
1130 3396 1355 3487 parochianis
1373 3397 1497 3468 diuina
1513 3395 1776 3468 ministrantem

434 3518 539 3581 extra
556 3509 704 3580 chorum
724 3531 807 3579 cum
825 3506 956 3579 clerico
973 3519 1012 3576 et
1030 3507 1141 3578 alium
1158 3509 1195 3577 in
1215 3507 1415 3600 capellada
1434 3506 1667 3602 Monycabok
1694 3531 1775 3580 cum

433 3621 564 3693 elerico
594 3622 654 3713 qui
689 3619 913 3712 parochianis
947 3618 1083 3690 ibidem
1114 3619 1238 3690 diuina
1271 3615 1488 3690 ministrabit
1520 3663 1528 3678 ·
1561 3620 1658 3692 Item
1688 3622 1776 3691 duos

432 3731 593 3804 sacristae
618 3732 766 3803 clericos
795 3727 1014 3800 sustentabit
1044 3732 1081 3800 in
1113 3727 1262 3802 ecclesia
1287 3730 1485 3802 cathedrali
1511 3733 1573 3824 qui
1600 3755 1775 3804 unacum

433 3844 619 3937 capellano
636 3843 804 3936 parochie
821 3842 867 3912 de
885 3841 1058 3934 Kyrkton
1077 3842 1226 3912 chorum
1244 3844 1282 3912 in
1300 3842 1446 3912 decenti
1467 3843 1595 3914 habitu
1613 3845 1778 3935 frequen-

433 3957 565 4027 tabunt
590 3954 757 4026 candelas
781 3961 820 4024 et
843 3973 966 4024 cereos
992 3953 1232 4023 accendentes
1258 3962 1296 4024 et
1322 3953 1368 4023 de
1393 3955 1477 4047 igne
1498 3963 1536 4025 et
1556 3954 1601 4026 de
1622 3977 1715 4047 aqua
1739 3957 1775 4025 in

432 4062 582 4139 ecclelia
598 4065 843 4159 prouidebunt
860 4103 869 4120 ·
889 4065 1096 4135 omnimoda
1113 4062 1355 4135 iurisdisione
1373 4065 1408 4134 in
1428 4065 1597 4156 parochia
1619 4067 1778 4158 predidla

433 4177 597 4271 episcopo
614 4174 794 4248 reseruata
812 4219 820 4234 ·
838 4176 951 4246 ceteri
969 4198 1054 4245 vero
1072 4177 1234 4246 canonici
1252 4197 1377 4246 omnes
1394 4177 1547 4248 maiores
1564 4186 1604 4248 et
1621 4179 1776 4248 minores

432 4283 591 4380 ecelesrjs
607 4287 677 4358 suis
698 4309 763 4380 per
780 4288 939 4380 ydoneos
956 4286 1161 4379 capellanos
1178 4297 1217 4358 et
1234 4286 1383 4359 clericos
1409 4297 1583 4359 tenentur
1600 4287 1777 4360 deseruire

431 4397 709 4490 prebendalibus
743 4398 950 4468 omnimoda
980 4396 1223 4470 iurisdisione
1253 4400 1291 4468 in
1321 4398 1489 4470 omnibus
1519 4395 1676 4492 ecclesrjs
1706 4399 1777 4470 suis

432 4507 596 4602 episcopo
614 4521 652 4580 et
669 4509 922 4581 archidiacono
938 4507 1119 4582 reseruata
1136 4551 1145 4567 ·
