4050 5534
440 670 510 737 208
972 654 1278 729 REGISTRUM
1628 659 1781 755 [secum

444 862 657 958 respondere
682 860 862 933 voluerint
878 860 916 929 in
943 858 1002 929 die
1027 854 1149 951 iudieij
1167 864 1207 929 et
1223 851 1298 929 non
1322 856 1411 931 alias
1426 856 1535 931 aliter
1548 882 1668 953 neque
1692 860 1781 933 alio·

443 978 571 1047 modo·

489 1086 587 1160 Item
605 1090 643 1157 in
661 1110 743 1159 cera
760 1094 798 1157 et
816 1083 911 1155 tedis
926 1084 965 1155 in
983 1082 1043 1154 die
1060 1077 1292 1178 anniuersarij
1311 1091 1353 1154 rt
1369 1084 1479 1155 moris
1495 1078 1549 1155 est
1565 1080 1589 1179 ij
1609 1086 1640 1157 s.

489 1198 587 1272 Item
604 1194 746 1271 sacriste
763 1218 827 1291 pro
845 1216 1100 1289 campanarum
1112 1190 1313 1287 pulsatione
1329 1192 1391 1291 xvj
1409 1192 1446 1267 d

353 1356 354 1359 =
490 1310 586 1385 Item
605 1309 808 1383 choralibus
826 1308 925 1381 ebori
942 1302 1093 1379 ecclesie
1109 1305 1326 1379 cathedralis
1342 1304 1535 1381 tonsoratis
1551 1305 1576 1406 ij
1595 1310 1626 1380 ἶ.

491 1423 587 1495 Item
606 1421 807 1496 choralibus
824 1415 974 1493 ecclesie
991 1418 1182 1513 collegiata
1199 1420 1381 1491 mtediue
1396 1416 1421 1517 ij
1440 1421 1471 1493 ἔ.

490 1536 589 1609 Item
601 1536 822 1630 procuratori
836 1532 1020 1605 communi
1033 1531 1248 1603 uariorum
1260 1526 1409 1604 ecclesie
1421 1532 1602 1605 antedidte
1613 1532 1638 1632 ij
1653 1538 1684 1609 ἔ.
1697 1534 1732 1631 vj
1746 1534 1785 1608 d.

491 1650 589 1723 Item
618 1647 835 1743 pauperibus
860 1642 1159 1736 subsequentibus
1184 1643 1223 1715 in
1248 1666 1343 1738 pane
1372 1644 1546 1715 frumenti
1570 1654 1611 1717 et
1634 1658 1787 1743 argento

442 1762 612 1837 videlicet
630 1760 675 1831 In
701 1760 824 1854 primis
841 1780 918 1829 xxx
932 1756 1149 1850 pauperibus
1166 1778 1244 1827 xxx
1261 1778 1372 1849 panes
1385 1756 1538 1827 duorum
1555 1757 1785 1833 denariorum

441 1878 543 1973 panis
560 1872 733 1945 frumenti
751 1894 834 1943 oum
852 1868 992 1941 duobus
1009 1868 1167 1961 denarijs
1182 1876 1331 1939 monete
1348 1866 1472 1940 Scotie
1487 1906 1497 1923 ·
1515 1867 1654 1943 summa
1669 1876 1742 1946 xri.

492 1988 588 2060 Item
606 2009 655 2057 xv
671 1983 889 2079 pauperibus
906 1980 1101 2053 scolaribus
1117 1980 1157 2050 in
1178 1974 1284 2051 srmili
1306 1975 1557 2055 distributione
1572 1986 1612 2056 in
1629 1987 1784 2079 panibus

442 2112 479 2175 et
496 2108 646 2196 argento
664 2120 687 2167 v
703 2098 734 2169 ἔ.

494 2212 591 2285 Item
605 2202 750 2304 leprosis
768 2210 806 2279 in
822 2206 976 2301 panibus
994 2213 1033 2276 et
1058 2212 1208 2299 argento
1226 2226 1291 2298 per
1306 2203 1474 2297 equalem
1494 2203 1786 2285 distributionem

440 2352 451 2399 1
488 2352 517 2399 s.

439 2352 464 2530 ,J
493 2436 590 2508 Item
616 2428 819 2528 hospitarijs
835 2428 1022 2525 hospitalis
1047 2429 1155 2501 beate
1175 2428 1294 2501 Maria
1312 2428 1406 2499 infra
1422 2432 1611 2504 canoniam
1628 2436 1666 2505 in
1690 2460 1787 2529 pane

445 2562 483 2623 et
500 2556 650 2643 argento
668 2542 702 2641 vj
722 2548 752 2616 ἔ.
771 2556 811 2614 rt
829 2541 958 2636 supra·

493 2662 590 2733 Item
607 2658 752 2752 preconi
770 2679 835 2750 per
851 2655 974 2727 villam
992 2653 1017 2753 ij
1036 2652 1072 2726 d.
1121 2653 1273 2726 Summa
1290 2649 1327 2751 iij
1346 2653 1410 2725 lib.
1427 2652 1465 2751 iij
1480 2658 1510 2729 i.
1528 2655 1580 2754 iiij
1600 2656 1636 2731 d.

656 2876 953 2953 Anniuersarium
971 2876 1131 2975 magistri
1148 2878 1350 2951 Alexandri
1368 2880 1574 2976 Gallouay·

494 3000 591 3072 Item
608 2994 706 3069 aliud
724 2990 1004 3067 anniuersarium
1023 2988 1139 3063 srmile
1163 2990 1248 3062 huie
1268 3014 1333 3085 pro
1350 2994 1471 3065 anima
1487 2996 1703 3069 venerabilis
1721 3002 1788 3071 riri

444 3107 603 3207 magistri
629 3102 830 3177 Alexandri
858 3103 1037 3199 Galloua)⁷
1061 3104 1224 3176 canonici
1249 3102 1518 3177 Aberdouenlis
1534 3130 1577 3179 ao
1601 3110 1788 3185 rettorisa

444 3221 599 3297 Kinlrell
624 3222 661 3291 in
686 3213 793 3288 simili
819 3212 1071 3288 distrIbutione
1096 3210 1244 3311 lingulis
1264 3218 1368 3289 annis
1392 3216 1552 3310 personia
1575 3216 1789 3315 supradietis

444 3348 484 3407 vt
501 3336 607 3428 supra
630 3332 669 3402 in
697 3327 948 3401 distributione
965 3325 1199 3422 supradicto·
1227 3327 1484 3401 celebrandum
1509 3326 1658 3428 lingulis
1682 3338 1789 3407 annis

445 3446 491 3542 vij
520 3444 652 3537 Marcij
678 3464 742 3536 pro
768 3441 888 3512 anima
921 3442 1034 3535 patris
1069 3449 1109 3512 et
1133 3442 1259 3512 matris
1289 3442 1375 3513 ditti
1399 3438 1559 3537 magistri
1583 3443 1788 3520 Alexandri

444 3559 553 3653 usque
584 3557 628 3628 ad
655 3553 795 3626 obitum
825 3549 1078 3646 eiusdemque
1105 3551 1165 3623 die
1191 3547 1241 3624 fio
1267 3554 1486 3627 adueniente
1512 3557 1551 3628 in
1581 3558 1641 3630 die
1666 3560 1787 3632 obitus

443 3670 602 3743 eiusdem
625 3690 690 3761 pro
706 3674 882 3759 perpetuo
900 3663 1156 3736 celebrandum
1174 3673 1213 3736 et
1230 3687 1294 3758 pro
1312 3667 1500 3739 animabus
1518 3669 1556 3740 in
1573 3668 1789 3745 fundatione

444 3782 595 3876 desuper
628 3777 823 3849 nominatis
847 3786 956 3869 prout
993 3776 1073 3847 Deo
1098 3772 1311 3871 respondere
1336 3776 1519 3851 voluerint
1551 3780 1638 3854 uui
1664 3786 1786 3879 ricarij

443 3896 541 3969 chori
560 3894 597 3964 in
617 3892 675 3961 die
692 3886 814 3985 iudioij
835 3898 874 3960 et
891 3912 964 3959 non
980 3890 1112 3961 aliter·

494 4004 682 4099 inprimis
708 4001 811 4093 xxiiij
838 4001 979 4094 vicarijs
1004 4000 1104 4073 chori
1129 4001 1281 4075 cuilibet
1306 4005 1505 4076 eorundem
1521 4007 1603 4078 adu
1628 4006 1787 4101 presenti

443 4118 492 4193 xi'
512 4116 549 4189 d.
1554 4116 1559 4127 '

478 4144 593 4301 JItem
609 4228 794 4299 executori
808 4223 912 4322 officij
932 4225 1132 4299 celebranti
1143 4226 1238 4299 vltra
1253 4224 1354 4299 suam
1372 4222 1661 4303 distributionem
1677 4230 1727 4330 xij
1747 4231 1788 4305 d.

497 4342 596 4412 Item
617 4335 758 4434 vicarijs
776 4337 874 4409 chori
892 4334 1033 4434 collegij
1053 4334 1296 4411 vniuersrtatis
1312 4336 1572 4413 Abirdonensis
1589 4364 1613 4412 r
1630 4345 1659 4415 ἕ.
1676 4342 1728 4440 iiij
1748 4342 1785 4417 d

447 4454 496 4529 sro
521 4452 617 4547 quod
643 4450 730 4523 dicti
755 4446 877 4547 ricarij
897 4447 1047 4523 ecclesre
1070 4450 1286 4523 cathedralis
1302 4447 1564 4525 Abirdoneusrs
1582 4452 1784 4549 supradiste

450 4584 489 4640 et
512 4560 653 4660 collegij
672 4563 857 4635 eelebrent
876 4586 987 4635 vnum
1004 4563 1191 4659 trigintale
1216 4586 1281 4658 pro
1305 4563 1494 4639 animabus
1519 4566 1557 4636 iu
1573 4567 1787 4643 fundatione
