4050 5534
452 625 498 699 96
969 619 1276 696 REGIS'I'RUM
1372 559 1385 586 Ι
1641 623 1793 719 [sucum

590 822 648 911 De
669 825 832 896 codem.
935 877 944 894 .
1047 822 1162 916 vjlib.
1180 823 1242 915 xiij
1262 815 1296 892 st
1316 822 1366 914 iiij
1385 817 1421 892 d.

592 937 641 1009 Et
659 939 703 1007 dc
722 937 901 1030 Lummey
936 989 945 1008 .
1047 937 1084 1029 iij
1103 935 1164 1007 liu.
1183 935 1216 1027 vj
1235 929 1268 1004 ll.
1288 935 1348 1027 viij
1367 930 1402 1004 d.
1520 935 1715 1008 Summax
1735 936 1794 1008 lio.

480 1057 512 1120 Q.
540 1046 717 1145 Magister
733 1048 899 1121 Andreas
917 1047 1053 1119 Kintor
1069 1047 1114 1120 ad
1132 1043 1275 1120 stallum
1292 1047 1419 1118 decani
1437 1088 1446 1104 ·

594 1161 651 1233 De
668 1162 795 1234 eodem
822 1213 1608 1234 ........
1691 1185 1715 1232 x
1734 1161 1794 1232 lib.

482 1283 514 1346 3.
542 1274 720 1346 Dominus
736 1271 921 1346 lohannes
939 1271 1143 1345 Malisonne
1161 1272 1206 1344 ad
1225 1269 1368 1344 stallum
1386 1275 1542 1346 cantoris
1560 1312 1568 1330 ·

591 1386 650 1459 De
667 1387 867 1481 capellania
884 1385 973 1458 Fola
1046 1435 1609 1456 ......
1691 1411 1716 1456 x
1735 1384 1795 1456 lio.

482 1505 514 1570 4.
541 1498 753 1573 Willelmus
770 1499 864 1572 Lioll
881 1500 927 1572 ad
944 1495 1089 1570 stallum
1108 1497 1333 1592 oancellarij·

591 1611 830 1686 Deeodem.
931 1663 940 1682 .
1044 1665 1052 1682 .
1155 1663 1163 1680 .
1269 1664 1277 1680 .
1381 1611 1536 1704 .vjlil5.
1555 1611 1617 1703 xiij
1636 1605 1671 1680 ll.
1691 1613 1741 1705 iiij
1760 1609 1795 1682 d.

592 1723 642 1796 Et
660 1728 706 1798 de
721 1719 945 1819 'l'ullynaffill
1048 1777 1057 1795 .
1160 1777 1168 1792 .
1270 1776 1278 1792 .
1380 1779 1388 1795 .
1440 1724 1475 1816 iij
1495 1722 1555 1795 lio.
1576 1723 1607 1814 vj
1626 1720 1661 1793 ll.
1682 1725 1742 1817 viij
1761 1719 1796 1794 d.

481 1843 513 1907 5.
541 1835 719 1910 Dominus
735 1837 947 1911 Alexander
963 1835 1099 1909 Bawno
1115 1835 1160 1908 ad
1178 1832 1321 1907 stallum
1339 1833 1545 1929 thesaurarij
1565 1879 1574 1896 ·

591 1948 649 2022 De
667 1949 794 2022 eodem
819 2001 1603 2022 ........
1681 1949 1797 2042 vjlio.

591 2060 641 2134 Et
658 2063 704 2134 de
720 2061 920 2155 capellania
936 2064 982 2136 de
998 2059 1280 2155 Auchtydouald
1377 2113 1386 2130 .
1488 2117 1496 2132 .
1599 2117 1608 2134 .
1661 2062 1712 2156 iiij
1735 2061 1797 2132 lib.

481 2176 513 2245 6.
540 2171 716 2268 Magister
731 2172 916 2246 lohannes
933 2172 1054 2246 Awell
1072 2176 1117 2246 ad
1135 2169 1278 2246 stallum
1295 2172 1534 2246 archidiaconi
1552 2217 1560 2232 ·
1721 2267 1724 2272 Ι

592 2286 835 2359 Deeodem.
937 2339 945 2356 .
1026 2339 1056 2356 -.
1158 2339 1166 2355 .
1268 2339 1276 2355 .
1379 2287 1455 2380 .vj
1474 2285 1535 2358 liu.
1554 2288 1616 2380 xiij
1635 2282 1669 2356 ll.
1689 2289 1742 2381 iiij
1761 2284 1797 2357 d.

591 2397 649 2470 Da
667 2397 852 2470 Dulmaok
933 2451 1497 2470 ......
1567 2401 1617 2493 liij
1636 2395 1670 2470 ss.
1689 2402 1741 2494 iiij
1760 2398 1799 2471 d.

590 2509 648 2583 De
666 2509 815 2582 Decano
933 2561 1492 2582 ......
1555 2514 1619 2607 xiij
1636 2508 1670 2584 st
1689 2513 1741 2606 iiij
1761 2510 1798 2583 d.

480 2633 512 2701 7.
541 2623 719 2695 Dominus
735 2623 890 2696 'l'homas
908 2622 1102 2696 Harmwar
1118 2625 1164 2696 ad
1181 2619 1323 2694 stallum
1343 2625 1388 2694 de
1405 2624 1583 2719 Balholpy
1600 2663 1609 2681 ·

592 2735 650 2810 De
667 2738 796 2808 codem
926 2788 1601 2807 .......
1679 2737 1714 2830 vj
1735 2736 1797 2809 liu.

589 2849 640 2921 Et
657 2851 702 2922 de
719 2845 912 2921 Coldstuna

479 2973 512 3034 8.
539 2962 719 3034 Dominus
736 2962 902 3034 Andreas
920 2962 1036 3035 Ettall
1054 2963 1099 3035 ad
1117 2959 1259 3034 stallum
1278 2963 1323 3034 de
1342 2961 1534 3035 Murthlak
1554 3003 1562 3020 ·

590 3075 652 3147 De.
666 3076 791 3147 codem
819 3128 1491 3146 .......
1583 3093 1602 3145 “.
1701 3073 1738 3145 xl
1761 3077 1797 3145 ll.

591 3189 641 3259 Et
658 3190 703 3259 de
719 3187 920 3281 capellania
936 3186 1117 3282 Logymar
1152 3241 1161 3258 .
1263 3242 1271 3258 .
1374 3242 1382 3257 .
1483 3243 1491 3258 .
1656 3189 1716 3280 viij
1731 3186 1797 3260 lio.

481 3309 512 3375 9.
541 3300 719 3372 Dominus
735 3298 920 3372 lohannes
937 3298 1184 3394 Kynynmond
1202 3302 1247 3372 ad
1264 3295 1406 3372 stallum
1426 3300 1471 3372 de
1489 3299 1593 3396 Oyne
1611 3343 1619 3358 ·

590 3412 648 3484 De
665 3413 791 3485 eodem
1701 3412 1740 3483 xl
1761 3407 1797 3482 il.

590 3526 640 3597 Et
657 3527 701 3596 de
718 3525 917 3619 capellania
932 3523 1042 3598 senui
1061 3524 1159 3596 Petri
1257 3581 1265 3597 .
1368 3581 1376 3596 .
1478 3581 1487 3598 .
1591 3579 1600 3596 .
1653 3527 1713 3619 viij
1731 3525 1798 3596 lib.

458 3649 513 3712 10.
540 3636 717 3734 Magister
733 3638 899 3710 Andreas
918 3637 1102 3710 Patirsone
1120 3639 1163 3710 ad
1183 3635 1327 3710 stallum
1346 3639 1390 3710 de
1408 3638 1517 3711 Clat-

588 3751 647 3824 Dc
664 3752 791 3822 eodem
921 3804 1369 3824 .....
1430 3752 1472 3844 'iij
1491 3752 1552 3824 lib:
1572 3753 1605 3844 vj
1623 3746 1658 3821 ll.
1677 3753 1739 3844 viij
1757 3750 1798 3824 d.

590 3865 640 3936 Et
656 3865 701 3934 de
719 3863 918 3956 capellania
934 3864 979 3935 de
997 3863 1244 3956 Kynneduard
1355 3919 1363 3935 .
1416 3865 1450 3958 vj
1469 3863 1531 3937 lio.
1550 3867 1613 3959 xiij
1631 3860 1666 3934 ll.
1685 3867 1736 3958 iiij
1756 3861 1797 3936 d.

456 3987 511 4050 ll.
540 3979 717 4051 Dominus
734 3975 917 4048 Henrious
934 3975 1175 4048 Makwilliam
1194 3975 1239 4048 ad
1258 3971 1401 4048 stallum
1419 3977 1465 4048 de
1483 3976 1650 4050 Orondan
1669 4019 1677 4035 ·

586 4091 645 4163 De
662 4091 787 4161 eodem
815 4141 1595 4160 ........
1690 4089 1795 4162 vlib.

586 4203 637 4275 Et
655 4205 699 4274 de
716 4201 915 4296 capellania
932 4199 1175 4296 Logybuohan
1252 4254 1261 4270 .
1473 4252 1482 4270 .
1584 4255 1592 4271 .
1690 4203 1795 4275 vlib.

455 4326 509 4388 12.
537 4317 715 4388 Dominus
731 4314 918 4386 Johannes
935 4312 1078 4385 Fenton
1096 4312 1141 4385 ad
1158 4307 1302 4384 stallum
1320 4314 1365 4384 de
1383 4310 1599 4406 Banohory·

583 4428 642 4500 De
659 4430 784 4500 eodem
810 4479 1369 4498 ......
1433 4426 1473 4519 iij
1492 4423 1553 4496 lio.
1572 4427 1606 4519 vj
1624 4427 1657 4497 p,
1677 4429 1737 4521 viij
1755 4425 1795 4500 d.

588 4541 637 4611 Et
655 4541 700 4611 do
716 4541 868 4610 rectoria
884 4537 995 4611 sanai
1013 4537 1150 4610 Petri.
1253 4593 1260 4610 .
1363 4591 1370 4608 .
1419 4537 1452 4630 vj
1471 4537 1533 4609 lio.
1552 4541 1616 4632 xiij
1634 4540 1667 4610 ll.
1686 4541 1738 4634 iiij
1756 4539 1797 4614 d.
