4050 5534
964 649 1271 728 REGISTRUM
1635 655 1788 753 [secum

884 964 957 1039 111.
984 965 1044 1038 De
1060 965 1133 1038 lide
1150 965 1353 1040 catholica·

451 1191 654 1266 Statnimus
671 1187 758 1264 sacri
775 1189 1034 1285 approbatione
1049 1189 1192 1284 concilij
1205 1199 1246 1261 vt
1262 1187 1392 1285 prelati
1408 1191 1561 1263 maiores
1576 1200 1616 1263 et
1632 1191 1788 1264 minores

450 1305 559 1376 fidem
584 1302 797 1377 catholicam
815 1311 854 1376 et
870 1299 1102 1396 apostolicam
1126 1301 1376 1374 indubitanter
1400 1311 1551 1376 teneant
1570 1311 1610 1376 et
1628 1301 1788 1376 subditos

451 1415 531 1488 suaa
544 1413 725 1508 utriusque
742 1411 847 1488 sexus
864 1416 902 1486 in
919 1413 1081 1488 articulis
1092 1413 1177 1485 lidei
1195 1414 1387 1510 diligenter
1402 1411 1581 1488 instruant
1597 1425 1788 1488 monentes

453 1539 491 1602 et
508 1529 719 1601 inducentes
736 1527 968 1622 parochianos
984 1522 1066 1598 suaa
1082 1525 1179 1619 quod
1199 1521 1265 1620 ipsi
1280 1523 1353 1598 saia
1370 1525 1491 1600 liberie
1508 1527 1662 1600 eandem
1679 1527 1788 1600 sidem

453 1649 636 1736 exponant
653 1649 692 1712 et
708 1661 770 1712 eoa
787 1640 941 1712 doceant
958 1637 1067 1710 sidem
1084 1633 1312 1712 christianam
1329 1637 1543 1711 obseruare·

551 1862 645 1938 IIII.
671 1863 778 1951 Quod
795 1861 1031 1938 Sacramenta
1046 1857 1196 1937 ecclesie
1213 1861 1408 1959 diligenter
1422 1859 1694 1936 ministrentur·

452 2089 655 2164 Statuimus
680 2089 776 2182 qnod
801 2086 1024 2162 sacramenta
1047 2082 1284 2161 ecclesiastica
1308 2108 1391 2160 enm
1415 2087 1550 2162 denota
1573 2089 1790 2162 aenerencia

453 2204 489 2274 in
507 2201 578 2274 fide
595 2201 772 2274 catholica
788 2199 1019 2272 celebrentur
1043 2198 1108 2271 sub
1130 2207 1232 2272 certa
1250 2199 1365 2272 forma
1380 2221 1403 2272 a
1419 2195 1547 2272 sandtis
1570 2200 1733 2294 patribus
1748 2211 1788 2273 et

452 2313 557 2387 sacris
580 2311 762 2409 scripturis
788 2313 946 2385 tradita·
965 2309 1044 2384 Sub
1061 2313 1169 2384 certis
1186 2311 1305 2384 verbis
1321 2310 1500 2383 catholice
1524 2312 1657 2406 tradita
1672 2313 1790 2386 modia

452 2425 630 2520 aliquibus
648 2427 839 2497 immutare
856 2447 928 2496 non
946 2422 1080 2496 liceat·

724 2646 772 2722 V.
799 2647 905 2732 Quod
922 2642 1072 2720 ecclesie
1089 2644 1306 2720 sufficienter
1321 2655 1520 2720 ornentur·

452 2873 513 2946 Ad
538 2873 606 2944 bec
630 2867 820 2944 statuimus
846 2870 943 2966 quod
967 2865 1116 2944 ecclelia
1141 2872 1186 2944 ad
1212 2871 1361 2944 modum
1385 2872 1601 2946 facultatum
1631 2871 1788 2968 ipsorum

451 2987 745 3082 parochianorum
774 2993 813 3056 at
842 3007 907 3078 per
936 2981 1030 3078 ipsos
1058 2985 1293 3078 parochianos
1321 2993 1361 3058 et
1388 2984 1550 3057 cancella
1575 3009 1698 3059 earum
1724 3011 1789 3082 per

452 3099 605 3172 restores
630 3097 675 3168 de
700 3095 879 3189 lapidibus
904 3092 1158 3168 construantur
1179 3105 1219 3168 et
1243 3092 1366 3190 postea
1390 3094 1643 3171 consecrentur
1666 3108 1705 3172 et
1727 3100 1789 3172 de·

452 3211 537 3282 bitis
567 3208 787 3282 omamentia
816 3205 916 3279 libris
941 3217 980 3279 et
1006 3203 1096 3282 valla
1125 3216 1300 3280 ornentur
1323 3217 1363 3280 et
1388 3208 1435 3280 ad
1461 3204 1595 3282 statum
1626 3211 1787 3284 debitum

452 3321 716 3392 reformentur·

822 3541 889 3616 VI.
918 3541 976 3614 De
994 3537 1163 3638 Ecclesrja
1180 3543 1386 3616 edificandis
1403 3583 1413 3603 ·

452 3769 548 3840 Item
574 3765 763 3839 statuimus
788 3767 884 3858 quod
909 3765 1011 3839 nulla
1035 3763 1186 3840 ecclesia
1205 3767 1263 3840 vel
1288 3768 1483 3840 oratorium
1500 3765 1584 3842 -sine
1609 3769 1786 3844 diocesani

451 3877 627 3954 concensu
655 3875 879 3950 construatur
896 3877 954 3950 rel
976 3879 1014 3950 in
1035 3876 1244 3951 construdtia
1261 3875 1336 3952 srne
1351 3877 1510 3952 eiusdem
1535 3880 1710 3954 concensu
1726 3885 1785 3956 rel

451 3993 662 4068 nodositate
680 3991 803 4063 diuina
819 3990 936 4063 officia
951 3990 1073 4084 aliqua
1088 3992 1297 4064 temeritate
1313 3989 1542 4064 celebrentur
1558 3993 1645 4086 quin
1661 3997 1786 4089 pocius

451 4103 645 4177 secundum
664 4125 818 4175 canones
834 4099 949 4176 sacros
966 4103 1260 4197 prophanentur·

947 4327 1036 4400 VII.
1065 4325 1122 4399 De
1140 4327 1292 4399 codem·
1374 4377 1379 4386 -

451 4551 500 4624 Et
517 4551 602 4646 quia
625 4549 768 4645 presens
792 4547 968 4622 statutum
994 4552 1113 4626 minua
1137 4551 1245 4647 plene
1261 4553 1300 4624 in
1316 4550 1441 4625 multis
1468 4551 1555 4626 locis
1577 4553 1783 4630 inuenimua
