4050 5534
374 647 476 744 κη]
844 653 1251 732 aannnonnnsn.
1678 675 1725 747 97

374 837 431 910 ¹3·
459 849 638 925 Dominus
653 851 681 922 J
683 855 843 927 ohannes
861 854 1055 929 Moresone
1072 857 1117 930 ad
1136 854 1280 930 stallum
1299 859 1344 930 da
1363 858 1524 933 Forbes·

509 962 568 1036 De
584 965 713 1037 eodem
740 1019 1301 1040 ......
1363 971 1401 1065 iij
1420 972 1481 1044 lia.
1500 975 1534 1067 vj
1552 976 1585 1044 ll.
1604 977 1664 1069 viij
1683 975 1719 1048 d.

509 1074 559 1148 Et
575 1077 621 1148 de
639 1078 840 1171 capellania
857 1079 902 1149 de
920 1078 1103 1151 Forverne
1180 1133 1188 1150 .
1291 1134 1299 1150 .
1352 1083 1387 1175 vj
1406 1083 1467 1156 lib.
1482 1085 1546 1178 xiij
1564 1081 1599 1157 ll.
1614 1089 1663 1181 iiij
1682 1086 1718 1158 d.

381 1169 434 1242 ¹4·
460 1181 638 1259 Dominus
656 1187 868 1261 Willelmus
887 1187 1037 1285 Forsyth
1056 1193 1101 1263 ad
1120 1188 1264 1263 stallum
1284 1195 1329 1265 dc
1346 1193 1574 1268 Kincardin·

510 1297 566 1370 De
582 1301 712 1371 eodem
1671 1313 1678 1329 '

388 1389 437 1464 ¹5·
461 1403 641 1482 Arthnrus
658 1406 762 1483 Boiff
770 1411 816 1483 ad
834 1408 979 1485 stallum
996 1414 1042 1485 de
1059 1414 1214 1487 Klnkell
1233 1456 1242 1472 ·

509 1519 712 1594 Decedam

393 1605 442 1685 16·
464 1624 636 1704 Dominus
652 1634 677 1705 J
679 1635 839 1706 ohannes
857 1634 1009 1730 Mul-ray
1026 1638 1071 1709 ad
1090 1635 1234 1709 stallum
1253 1638 1298 1710 de
1316 1639 1497 1713 Phillorth
1516 1683 1524 1700 ·

509 1743 565 1817 De
582 1746 711 1817 eodem
838 1799 848 1818 .
951 1800 960 1820 .
1063 1803 1071 1819 .
1174 1803 1182 1817 .
1284 1751 1374 1844 ‚iiij
1394 1753 1457 1824 lib.
1475 1755 1539 1849 xiij
1558 1757 1590 1827 ll.
1608 1759 1659 1850 iiij
1678 1758 1715 1830 d.

509 1855 565 1928 De
590 1856 853 1929 Crechmond.
954 1913 963 1931 .
1066 1913 1074 1930 .
1127 1931 1130 1938 ,
1175 1915 1184 1948 ,
1287 1915 1296 1931 .
1399 1918 1407 1933 .
1510 1918 1518 1935 .
1612 1869 1714 1940 vlia.

507 1967 610 2040 Idem
627 1969 673 2041 de
688 1965 900 2063 Tulyncflill
952 2024 1405 2044 .....
1494 1977 1526 2070 vj
1547 1979 1580 2049 ll.
1599 1980 1659 2072 viij
1678 1979 1714 2051 d.

355 2059 414 2134 ¹7·
442 2067 633 2151 Dominus
650 2079 862 2152 Alexander
878 2081 994 2153 Rauff
1004 2082 1049 2154 ad
1067 2079 1212 2154 stallum
1231 2083 1276 2154 de
1292 2082 1477 2157 Abirdour
1495 2127 1503 2144 ·

500 2190 562 2262 De
579 2192 709 2264 eodem
731 2244 1514 2268 ........
1627 2201 1666 2272 xl
1685 2199 1715 2272 p,

497 2301 554 2375 Et
570 2305 617 2374 de
634 2301 834 2397 capellania
850 2305 895 2375 de
913 2303 1148 2398 Kildrummy
1284 2357 1292 2375 .
1395 2359 1402 2375 .
1506 2362 1514 2378 .
1572 2311 1632 2404 viij
1651 2311 1714 2382 lib.

313 2377 359 2453 ¹⁸·
402 2395 487 2476 M
487 2413 632 2510 agistcr
648 2414 861 2488 Willelmus
885 2415 990 2489 Boiis
999 2419 1045 2489 ad
1063 2414 1208 2489 stallum
1225 2415 1271 2487 de
1288 2414 1403 2487 Deir·
1698 2425 1700 2430 '

495 2523 561 2598 Da
578 2527 707 2599 eodem
838 2580 1404 2600 ......
1454 2528 1529 2622 xlvj
1548 2529 1579 2601 ll.
1599 2534 1658 2627 viij
1677 2533 1713 2605 d.

491 2634 561 2711 De
575 2637 778 2732 capellania
794 2639 934 2713 Alueth
1059 2695 1068 2711 .
1171 2694 1179 2709 .
1282 2691 1290 2708 .
1335 2641 1451 2734 vjlib.
1470 2643 1534 2736 xiij
1554 2645 1588 2714 ll.
1608 2645 1659 2738 iiij
1677 2643 1713 2717 d.

286 2805 323 2883 39
493 2746 560 2823 De
578 2747 772 2822 Aberdonr
825 2738 843 2821 ¹.
945 2804 975 2865 ,Χ
1056 2804 1509 2823 .....
1612 2779 1661 2826 xx
1682 2754 1712 2827 ll.

327 2869 341 2885 ·
383 2832 632 2932 Dominus
648 2861 835 2935 Johannea
852 2859 988 2934 Lilstar
1004 2863 1049 2934 ad
1069 2859 1213 2934 stallum
1231 2861 1277 2932 de
1297 2859 1508 2933 Monimulk
1526 2905 1534 2920 ·

492 2970 559 3045 De
576 2975 706 3046 eodem
835 3025 1290 3044 .....
1351 2974 1391 3066 iij
1410 2971 1473 3044 lib.
1492 2976 1525 3067 vj
1545 2976 1578 3045 ll.
1597 2977 1657 3069 viij
1677 2975 1712 3047 d.

494 3083 552 3157 Et
569 3086 615 3157 de
631 3085 833 3180 capellania
849 3087 895 3156 de
913 3085 1014 3180 Fyvy
1057 3139 1064 3156 .
1167 3138 1176 3154 .
1278 3134 1288 3152 .
1339 3083 1373 3174 vj
1392 3081 1455 3155 lili.
1474 3087 1538 3178 xiij
1558 3087 1657 3181 aiiij
1675 3086 1711 3158 d.

549 3199 557 3215 '
1057 3196 1101 3267 de
1119 3192 1320 3289 capellania
1338 3193 1447 3265 Ellon
1499 3250 1507 3267 .
1560 3199 1620 3290 viij
1649 3199 1711 3270 lib.

494 3306 559 3378 De
575 3307 776 3403 capellania
791 3303 947 3403 episcopi
964 3306 1167 3379 Alexandri
1277 3357 1286 3376 .
1389 3361 1398 3378 .
1499 3358 1508 3377 .
1622 3310 1662 3380 xl
1680 3310 1710 3380 il.

277 3451 515 3604 sumnia
538 3532 709 3626 predialis
734 3531 864 3626 viginti
892 3529 1033 3602 vicariis
1060 3529 1108 3622 ija
1136 3569 1144 3586 ·
1172 3526 1223 3599 Et
1253 3523 1301 3600 fic
1327 3503 1439 3601 restat
1464 3529 1502 3600 lv
1528 3530 1590 3603 lib.
1608 3555 1657 3603 xv
1676 3535 1709 3604 ll.

562 3645 622 3738 viij
640 3639 676 3714 n.
695 3645 741 3715 de
757 3666 830 3736 qua
845 3639 985 3714 summa
1026 3680 1035 3696 ·
1079 3681 1087 3697 ·
1130 3678 1138 3695 ·
1183 3649 1221 3711 et
1243 3640 1419 3712 diuiditur
1435 3636 1508 3713 fic·

825 3975 989 4049 Dnonna
1014 3976 1231 4048 Dncoms·

282 4118 335 4204 1⁸
383 4173 585 4276 Qabrieli
603 4200 689 4295 Kyd
708 4201 753 4272 de
771 4197 1019 4293 Innernoehty
1071 4251 1079 4268 .
1182 4251 1190 4270 .
1293 4250 1300 4266 .
1353 4133 1360 4148 ·
1404 4249 1412 4265 .
1515 4249 1523 4266 .
1617 4198 1656 4270 xl
1674 4197 1709 4271 ll.

302 4363 334 4432 Q
460 4317 519 4389 De
536 4312 703 4409 Kynkell
737 4359 1521 4383 ........
1591 4311 1708 4403 leia.

338 4401 610 4522 ⁸&tephano
627 4423 862 4498 Strathachin
879 4424 925 4494 de
942 4422 1117 4494 Rothuen
1179 4474 1186 4490 .
1291 4473 1298 4488 .
1402 4473 1409 4488 .
1512 4442 1625 4515 ΛΗ]
1646 4423 1708 4494 lib.

672 4536 824 4636 Summa
840 4535 947 4606 huius
1068 4585 1077 4604 .
1180 4585 1188 4601 .
1270 4531 1329 4623 xvj
1348 4529 1411 4600 lin.

395 4647 495 4724 lsen.
512 4673 554 4723 11.
1029 4665 1055 4715 N
