<?xml version="1.0" encoding="UTF-8"?>
<!DOCTYPE html PUBLIC "-//W3C//DTD XHTML 1.0 Transitional//EN"
    "http://www.w3.org/TR/xhtml1/DTD/xhtml1-transitional.dtd">
<html xmlns="http://www.w3.org/1999/xhtml" xml:lang="en" lang="en">
 <head>
  <title>
</title>
<meta http-equiv="Content-Type" content="text/html;charset=utf-8" />
  <meta name='ocr-system' content='tesseract 3.04.00' />
  <meta name='ocr-capabilities' content='ocr_page ocr_carea ocr_par ocr_line ocrx_word'/>
</head>
<body>
  <div class='ocr_page' id='page_1' title='image "./registrumepisco02innegoog_0215.png"; bbox 0 0 4050 5534; ppageno 0'>
   <div class='ocr_carea' id='block_1_1' title="bbox 225 649 1572 745">
    <p class='ocr_par' dir='ltr' id='par_1_1' title="bbox 225 649 1572 745">
     <span class='ocr_line' id='line_1_1' title="bbox 225 649 1572 745; baseline 0.006 -23"><span class='ocrx_word' id='word_1_1' title='bbox 225 651 308 745; x_wconf 89' lang='lat' dir='ltr'><strong>xv.]</strong></span> <span class='ocrx_word' id='word_1_2' title='bbox 695 649 1101 725; x_wconf 85' lang='lat' dir='ltr'><strong>ABERDONENSE.</strong></span> <span class='ocrx_word' id='word_1_3' title='bbox 1504 663 1572 733; x_wconf 84' lang='grc'><strong>139</strong></span> 
     </span>
    </p>
   </div>
   <div class='ocr_carea' id='block_1_2' title="bbox 227 852 1572 1399">
    <p class='ocr_par' dir='ltr' id='par_1_2' title="bbox 227 852 1571 949">
     <span class='ocr_line' id='line_1_2' title="bbox 227 852 1571 949; baseline 0.003 -26"><span class='ocrx_word' id='word_1_4' title='bbox 227 852 322 925; x_wconf 83' lang='lat' dir='ltr'><strong>Item</strong></span> <span class='ocrx_word' id='word_1_5' title='bbox 341 876 454 924; x_wconf 90' lang='lat' dir='ltr'><strong>vnum</strong></span> <span class='ocrx_word' id='word_1_6' title='bbox 472 852 657 947; x_wconf 84' lang='lat' dir='ltr'><strong>corporale</strong></span> <span class='ocrx_word' id='word_1_7' title='bbox 669 853 715 925; x_wconf 90' lang='lat' dir='ltr'><strong>ad</strong></span> <span class='ocrx_word' id='word_1_8' title='bbox 730 853 843 925; x_wconf 86' lang='lat' dir='ltr'><strong>altare</strong></span> <span class='ocrx_word' id='word_1_9' title='bbox 861 852 970 924; x_wconf 76' lang='lat' dir='ltr'><strong>santti</strong></span> <span class='ocrx_word' id='word_1_10' title='bbox 984 853 1165 927; x_wconf 78' lang='lat' dir='ltr'><strong>Columba</strong></span> <span class='ocrx_word' id='word_1_11' title='bbox 1183 878 1231 926; x_wconf 84' lang='lat' dir='ltr'><strong>ex</strong></span> <span class='ocrx_word' id='word_1_12' title='bbox 1249 856 1343 927; x_wconf 87' lang='lat' dir='ltr'><strong>douo</strong></span> <span class='ocrx_word' id='word_1_13' title='bbox 1360 854 1571 949; x_wconf 85' lang='lat' dir='ltr'><strong>thesaurarij</strong></span> 
     </span>
    </p>

    <p class='ocr_par' dir='ltr' id='par_1_3' title="bbox 229 964 1572 1286">
     <span class='ocr_line' id='line_1_3' title="bbox 229 964 1572 1173; baseline 0.001 -24"><span class='ocrx_word' id='word_1_14' title='bbox 229 964 407 1151; x_wconf 58' lang='lat' dir='ltr'><strong>Iteldnylldd2</strong></span> <span class='ocrx_word' id='word_1_15' title='bbox 420 1076 561 1149; x_wconf 89' lang='lat' dir='ltr'><strong>sudoria</strong></span> <span class='ocrx_word' id='word_1_16' title='bbox 578 1100 660 1149; x_wconf 86' lang='lat' dir='ltr'><strong>eum</strong></span> <span class='ocrx_word' id='word_1_17' title='bbox 679 1078 819 1149; x_wconf 81' lang='lat' dir='ltr'><strong>duabus</strong></span> <span class='ocrx_word' id='word_1_18' title='bbox 836 1074 984 1149; x_wconf 79' lang='lat' dir='ltr'><strong>casulis·</strong></span> <span class='ocrx_word' id='word_1_19' title='bbox 1000 1077 1096 1149; x_wconf 87' lang='lat' dir='ltr'>Item</span> <span class='ocrx_word' id='word_1_20' title='bbox 1109 1100 1221 1149; x_wconf 85' lang='lat' dir='ltr'><strong>vnum</strong></span> <span class='ocrx_word' id='word_1_21' title='bbox 1239 1079 1386 1173; x_wconf 81' lang='lat' dir='ltr'><strong>peplum</strong></span> <span class='ocrx_word' id='word_1_22' title='bbox 1404 1081 1450 1151; x_wconf 89' lang='lat' dir='ltr'><strong>de</strong></span> <span class='ocrx_word' id='word_1_23' title='bbox 1462 1078 1572 1151; x_wconf 83' lang='lat' dir='ltr'><strong>serico</strong></span> 
     </span>
     <span class='ocr_line' id='line_1_4' title="bbox 277 1189 551 1286; baseline -0.007 -24"><span class='ocrx_word' id='word_1_24' title='bbox 277 1215 341 1286; x_wconf 88' lang='lat' dir='ltr'><strong>pro</strong></span> <span class='ocrx_word' id='word_1_25' title='bbox 358 1189 524 1285; x_wconf 86' lang='lat' dir='ltr'>episcopo</span> <span class='ocrx_word' id='word_1_26' title='bbox 544 1232 551 1247; x_wconf 92' lang='lat'><strong>·</strong></span> 
     </span>
    </p>

    <p class='ocr_par' dir='ltr' id='par_1_4' title="bbox 230 1298 1571 1399">
     <span class='ocr_line' id='line_1_5' title="bbox 230 1298 1571 1399; baseline 0.001 -26"><span class='ocrx_word' id='word_1_27' title='bbox 230 1302 323 1375; x_wconf 88' lang='lat' dir='ltr'><strong>Item</strong></span> <span class='ocrx_word' id='word_1_28' title='bbox 329 1326 440 1375; x_wconf 86' lang='lat' dir='ltr'><strong>vnum</strong></span> <span class='ocrx_word' id='word_1_29' title='bbox 448 1303 594 1397; x_wconf 86' lang='lat' dir='ltr'><strong>napkyn</strong></span> <span class='ocrx_word' id='word_1_30' title='bbox 607 1326 671 1397; x_wconf 90' lang='lat' dir='ltr'><strong>pro</strong></span> <span class='ocrx_word' id='word_1_31' title='bbox 683 1303 828 1374; x_wconf 87' lang='lat' dir='ltr'><strong>domino</strong></span> <span class='ocrx_word' id='word_1_32' title='bbox 840 1298 1122 1396; x_wconf 82' lang='lat' dir='ltr'><strong>episeopo·ltem</strong></span> <span class='ocrx_word' id='word_1_33' title='bbox 1136 1326 1246 1375; x_wconf 87' lang='lat' dir='ltr'><strong>vnum</strong></span> <span class='ocrx_word' id='word_1_34' title='bbox 1258 1304 1385 1399; x_wconf 85' lang='lat' dir='ltr'><strong>quayff</strong></span> <span class='ocrx_word' id='word_1_35' title='bbox 1389 1306 1435 1376; x_wconf 91' lang='lat' dir='ltr'><strong>de</strong></span> <span class='ocrx_word' id='word_1_36' title='bbox 1444 1303 1571 1378; x_wconf 79' lang='lat' dir='ltr'><strong>serico·</strong></span> 
     </span>
    </p>
   </div>
   <div class='ocr_carea' id='block_1_3' title="bbox 550 1638 1255 1713">
    <p class='ocr_par' dir='ltr' id='par_1_5' title="bbox 550 1638 1255 1713">
     <span class='ocr_line' id='line_1_6' title="bbox 550 1638 1255 1713; baseline 0.001 -3"><span class='ocrx_word' id='word_1_37' title='bbox 550 1638 806 1711; x_wconf 77' lang='lat' dir='ltr'><strong>VESTIMEN&#39;I&#39;A</strong></span> <span class='ocrx_word' id='word_1_38' title='bbox 833 1660 906 1712; x_wconf 79' lang='lat' dir='ltr'><strong>PRO</strong></span> <span class='ocrx_word' id='word_1_39' title='bbox 931 1660 1066 1713; x_wconf 79' lang='lat' dir='ltr'><strong>MAGNO</strong></span> <span class='ocrx_word' id='word_1_40' title='bbox 1092 1661 1255 1712; x_wconf 73' lang='lat' dir='ltr'><strong>tarant-</strong></span> 
     </span>
    </p>
   </div>
   <div class='ocr_carea' id='block_1_4' title="bbox 229 1861 1620 4653">
    <p class='ocr_par' dir='ltr' id='par_1_6' title="bbox 232 1861 1573 2184">
     <span class='ocr_line' id='line_1_7' title="bbox 232 1861 1573 1959; baseline 0.003 -24"><span class='ocrx_word' id='word_1_41' title='bbox 232 1864 414 1959; x_wconf 79' lang='lat' dir='ltr'><strong>Inprimis</strong></span> <span class='ocrx_word' id='word_1_42' title='bbox 432 1887 544 1935; x_wconf 86' lang='lat' dir='ltr'><strong>vnum</strong></span> <span class='ocrx_word' id='word_1_43' title='bbox 562 1861 818 1937; x_wconf 84' lang='lat' dir='ltr'><strong>vestimentum</strong></span> <span class='ocrx_word' id='word_1_44' title='bbox 844 1863 967 1936; x_wconf 80' lang='lat' dir='ltr'><strong>album</strong></span> <span class='ocrx_word' id='word_1_45' title='bbox 985 1865 1200 1937; x_wconf 89' lang='lat' dir='ltr'><strong>deauratum</strong></span> <span class='ocrx_word' id='word_1_46' title='bbox 1217 1888 1300 1937; x_wconf 83' lang='lat' dir='ltr'><strong>oum</strong></span> <span class='ocrx_word' id='word_1_47' title='bbox 1318 1867 1458 1939; x_wconf 81' lang='lat' dir='ltr'><strong>duabus</strong></span> <span class='ocrx_word' id='word_1_48' title='bbox 1475 1870 1573 1939; x_wconf 90' lang='lat' dir='ltr'><strong>tuni-</strong></span> 
     </span>
     <span class='ocr_line' id='line_1_8' title="bbox 277 1974 1572 2073; baseline 0.002 -23"><span class='ocrx_word' id='word_1_49' title='bbox 277 1980 327 2050; x_wconf 83' lang='lat' dir='ltr'><strong>cis</strong></span> <span class='ocrx_word' id='word_1_50' title='bbox 345 1988 383 2050; x_wconf 89' lang='lat' dir='ltr'><strong>et</strong></span> <span class='ocrx_word' id='word_1_51' title='bbox 401 1977 541 2049; x_wconf 82' lang='lat' dir='ltr'><strong>duabus</strong></span> <span class='ocrx_word' id='word_1_52' title='bbox 560 1977 764 2050; x_wconf 83' lang='lat' dir='ltr'><strong>dalmaticls</strong></span> <span class='ocrx_word' id='word_1_53' title='bbox 781 2000 846 2073; x_wconf 89' lang='lat' dir='ltr'><strong>pro</strong></span> <span class='ocrx_word' id='word_1_54' title='bbox 871 1978 1019 2047; x_wconf 90' lang='lat' dir='ltr'><strong>domino</strong></span> <span class='ocrx_word' id='word_1_55' title='bbox 1049 1974 1215 2072; x_wconf 85' lang='lat' dir='ltr'><strong>episcopo</strong></span> <span class='ocrx_word' id='word_1_56' title='bbox 1241 2000 1289 2047; x_wconf 87' lang='lat' dir='ltr'><strong>ex</strong></span> <span class='ocrx_word' id='word_1_57' title='bbox 1315 1979 1410 2050; x_wconf 89' lang='lat' dir='ltr'><strong>dono</strong></span> <span class='ocrx_word' id='word_1_58' title='bbox 1436 1981 1572 2052; x_wconf 92' lang='lat' dir='ltr'><strong>domini</strong></span> 
     </span>
     <span class='ocr_line' id='line_1_9' title="bbox 278 2088 676 2184; baseline 0 -23"><span class='ocrx_word' id='word_1_59' title='bbox 278 2090 481 2163; x_wconf 81' lang='lat' dir='ltr'><strong>Alexandri</strong></span> <span class='ocrx_word' id='word_1_60' title='bbox 499 2088 676 2184; x_wconf 85' lang='lat' dir='ltr'><strong>episcopi·</strong></span> 
     </span>
    </p>

    <p class='ocr_par' dir='ltr' id='par_1_7' title="bbox 230 2198 1573 2409">
     <span class='ocr_line' id='line_1_10' title="bbox 230 2198 1573 2277; baseline 0.002 -4"><span class='ocrx_word' id='word_1_61' title='bbox 230 2202 322 2275; x_wconf 85' lang='lat' dir='ltr'><strong>Item</strong></span> <span class='ocrx_word' id='word_1_62' title='bbox 348 2226 462 2274; x_wconf 78' lang='lat' dir='ltr'><strong>vnum</strong></span> <span class='ocrx_word' id='word_1_63' title='bbox 489 2198 746 2275; x_wconf 85' lang='lat' dir='ltr'><strong>vestimentum</strong></span> <span class='ocrx_word' id='word_1_64' title='bbox 773 2202 897 2274; x_wconf 92' lang='lat' dir='ltr'><strong>album</strong></span> <span class='ocrx_word' id='word_1_65' title='bbox 924 2202 1137 2274; x_wconf 88' lang='lat' dir='ltr'><strong>deauratum</strong></span> <span class='ocrx_word' id='word_1_66' title='bbox 1165 2226 1249 2275; x_wconf 88' lang='lat' dir='ltr'><strong>cum</strong></span> <span class='ocrx_word' id='word_1_67' title='bbox 1276 2204 1415 2276; x_wconf 83' lang='lat' dir='ltr'><strong>duabus</strong></span> <span class='ocrx_word' id='word_1_68' title='bbox 1440 2208 1573 2277; x_wconf 81' lang='lat' dir='ltr'><strong>tunicis</strong></span> 
     </span>
     <span class='ocr_line' id='line_1_11' title="bbox 277 2312 1211 2409; baseline -0.002 -22"><span class='ocrx_word' id='word_1_69' title='bbox 277 2317 402 2389; x_wconf 88' lang='lat' dir='ltr'><strong>dutum</strong></span> <span class='ocrx_word' id='word_1_70' title='bbox 419 2339 485 2409; x_wconf 89' lang='lat' dir='ltr'><strong>per</strong></span> <span class='ocrx_word' id='word_1_71' title='bbox 501 2316 688 2387; x_wconf 90' lang='lat' dir='ltr'><strong>dominum</strong></span> <span class='ocrx_word' id='word_1_72' title='bbox 707 2312 913 2407; x_wconf 84' lang='lat' dir='ltr'><strong>episcopum</strong></span> <span class='ocrx_word' id='word_1_73' title='bbox 931 2313 1184 2385; x_wconf 81' lang='lat' dir='ltr'><strong>Alexandrum</strong></span> <span class='ocrx_word' id='word_1_74' title='bbox 1202 2355 1211 2372; x_wconf 92' lang='lat'><strong>·</strong></span> 
     </span>
    </p>

    <p class='ocr_par' dir='ltr' id='par_1_8' title="bbox 229 2425 1572 2634">
     <span class='ocr_line' id='line_1_12' title="bbox 229 2425 1572 2520; baseline 0 -21"><span class='ocrx_word' id='word_1_75' title='bbox 229 2428 322 2501; x_wconf 83' lang='lat' dir='ltr'><strong>Item</strong></span> <span class='ocrx_word' id='word_1_76' title='bbox 357 2452 469 2499; x_wconf 81' lang='lat' dir='ltr'><strong>vnum</strong></span> <span class='ocrx_word' id='word_1_77' title='bbox 500 2425 758 2499; x_wconf 86' lang='lat' dir='ltr'><strong>vestimentum</strong></span> <span class='ocrx_word' id='word_1_78' title='bbox 794 2427 839 2497; x_wconf 86' lang='lat' dir='ltr'><strong>de</strong></span> <span class='ocrx_word' id='word_1_79' title='bbox 866 2425 977 2498; x_wconf 85' lang='lat' dir='ltr'><strong>serico</strong></span> <span class='ocrx_word' id='word_1_80' title='bbox 1004 2426 1118 2497; x_wconf 87' lang='lat' dir='ltr'><strong>rubeo</strong></span> <span class='ocrx_word' id='word_1_81' title='bbox 1146 2450 1230 2499; x_wconf 86' lang='lat' dir='ltr'><strong>cum</strong></span> <span class='ocrx_word' id='word_1_82' title='bbox 1257 2436 1413 2520; x_wconf 85' lang='lat' dir='ltr'><strong>quatuor</strong></span> <span class='ocrx_word' id='word_1_83' title='bbox 1440 2431 1572 2501; x_wconf 82' lang='lat' dir='ltr'><strong>tunicis</strong></span> 
     </span>
     <span class='ocr_line' id='line_1_13' title="bbox 276 2537 1211 2634; baseline -0.003 -22"><span class='ocrx_word' id='word_1_84' title='bbox 276 2542 400 2614; x_wconf 89' lang='lat' dir='ltr'><strong>datum</strong></span> <span class='ocrx_word' id='word_1_85' title='bbox 418 2564 484 2634; x_wconf 87' lang='lat' dir='ltr'><strong>per</strong></span> <span class='ocrx_word' id='word_1_86' title='bbox 501 2541 688 2611; x_wconf 92' lang='lat' dir='ltr'><strong>dominum</strong></span> <span class='ocrx_word' id='word_1_87' title='bbox 706 2537 911 2633; x_wconf 81' lang='lat' dir='ltr'><strong>episcopum</strong></span> <span class='ocrx_word' id='word_1_88' title='bbox 929 2538 1184 2611; x_wconf 82' lang='lat' dir='ltr'><strong>Alexandrum</strong></span> <span class='ocrx_word' id='word_1_89' title='bbox 1203 2579 1211 2596; x_wconf 92' lang='lat'><strong>·</strong></span> 
     </span>
    </p>

    <p class='ocr_par' dir='ltr' id='par_1_9' title="bbox 230 2648 1572 2857">
     <span class='ocr_line' id='line_1_14' title="bbox 230 2648 1572 2725; baseline 0.002 -3"><span class='ocrx_word' id='word_1_90' title='bbox 230 2653 322 2725; x_wconf 86' lang='lat' dir='ltr'><strong>Item</strong></span> <span class='ocrx_word' id='word_1_91' title='bbox 348 2676 461 2723; x_wconf 87' lang='lat' dir='ltr'><strong>vnum</strong></span> <span class='ocrx_word' id='word_1_92' title='bbox 489 2648 748 2724; x_wconf 85' lang='lat' dir='ltr'><strong>vestlmentum</strong></span> <span class='ocrx_word' id='word_1_93' title='bbox 783 2652 829 2723; x_wconf 89' lang='lat' dir='ltr'><strong>de</strong></span> <span class='ocrx_word' id='word_1_94' title='bbox 856 2650 939 2723; x_wconf 89' lang='lat' dir='ltr'><strong>albo</strong></span> <span class='ocrx_word' id='word_1_95' title='bbox 954 2650 1076 2722; x_wconf 70' lang='lat' dir='ltr'><strong>&#39;&#39;l&#39;erieu</strong></span> <span class='ocrx_word' id='word_1_96' title='bbox 1100 2652 1315 2723; x_wconf 87' lang='lat' dir='ltr'><strong>deauratum</strong></span> <span class='ocrx_word' id='word_1_97' title='bbox 1346 2675 1430 2725; x_wconf 84' lang='lat' dir='ltr'><strong>cum</strong></span> <span class='ocrx_word' id='word_1_98' title='bbox 1456 2653 1572 2725; x_wconf 88' lang='lat' dir='ltr'><strong>tribus</strong></span> 
     </span>
     <span class='ocr_line' id='line_1_15' title="bbox 275 2760 1136 2857; baseline -0.005 -20"><span class='ocrx_word' id='word_1_99' title='bbox 275 2765 366 2838; x_wconf 84' lang='lat' dir='ltr'><strong>albia</strong></span> <span class='ocrx_word' id='word_1_100' title='bbox 383 2774 422 2836; x_wconf 90' lang='lat' dir='ltr'><strong>et</strong></span> <span class='ocrx_word' id='word_1_101' title='bbox 439 2765 578 2836; x_wconf 72' lang='lat' dir='ltr'><strong>amittis</strong></span> <span class='ocrx_word' id='word_1_102' title='bbox 596 2786 660 2857; x_wconf 87' lang='lat' dir='ltr'><strong>per</strong></span> <span class='ocrx_word' id='word_1_103' title='bbox 677 2760 882 2857; x_wconf 82' lang='lat' dir='ltr'><strong>episcopum</strong></span> <span class='ocrx_word' id='word_1_104' title='bbox 901 2762 1109 2835; x_wconf 85' lang='lat' dir='ltr'><strong>Gilbertum</strong></span> <span class='ocrx_word' id='word_1_105' title='bbox 1128 2803 1136 2818; x_wconf 94' lang='lat'><strong>·</strong></span> 
     </span>
    </p>

    <p class='ocr_par' dir='ltr' id='par_1_10' title="bbox 231 2856 1620 3083">
     <span class='ocr_line' id='line_1_16' title="bbox 231 2856 1620 2970; baseline 0 -23"><span class='ocrx_word' id='word_1_106' title='bbox 231 2878 323 2949; x_wconf 82' lang='lat' dir='ltr'><strong>Item</strong></span> <span class='ocrx_word' id='word_1_107' title='bbox 350 2900 462 2949; x_wconf 85' lang='lat' dir='ltr'><strong>vnum</strong></span> <span class='ocrx_word' id='word_1_108' title='bbox 489 2872 747 2948; x_wconf 84' lang='lat' dir='ltr'><strong>vestimentum</strong></span> <span class='ocrx_word' id='word_1_109' title='bbox 771 2878 855 2947; x_wconf 84' lang='lat' dir='ltr'><strong>uum</strong></span> <span class='ocrx_word' id='word_1_110' title='bbox 881 2875 1021 2947; x_wconf 84' lang='lat' dir='ltr'><strong>duabus</strong></span> <span class='ocrx_word' id='word_1_111' title='bbox 1038 2876 1172 2947; x_wconf 80' lang='lat' dir='ltr'><strong>tunicis</strong></span> <span class='ocrx_word' id='word_1_112' title='bbox 1190 2875 1236 2947; x_wconf 92' lang='lat' dir='ltr'><strong>de</strong></span> <span class='ocrx_word' id='word_1_113' title='bbox 1261 2856 1461 2970; x_wconf 83' lang='lat' dir='ltr'><strong>eharbdkyl</strong></span> <span class='ocrx_word' id='word_1_114' title='bbox 1478 2886 1517 2947; x_wconf 88' lang='lat' dir='ltr'><strong>et</strong></span> <span class='ocrx_word' id='word_1_115' title='bbox 1534 2880 1572 2947; x_wconf 87' lang='lat' dir='ltr'><strong>ix</strong></span> <span class='ocrx_word' id='word_1_116' title='bbox 1615 2918 1620 2921; x_wconf 95' lang='lat'>-</span> 
     </span>
     <span class='ocr_line' id='line_1_17' title="bbox 276 2983 1082 3083; baseline -0.002 -23"><span class='ocrx_word' id='word_1_117' title='bbox 276 2992 374 3083; x_wconf 83' lang='lat' dir='ltr'><strong>petie</strong></span> <span class='ocrx_word' id='word_1_118' title='bbox 391 2990 477 3062; x_wconf 90' lang='lat' dir='ltr'><strong>date</strong></span> <span class='ocrx_word' id='word_1_119' title='bbox 494 3011 558 3081; x_wconf 92' lang='lat' dir='ltr'><strong>per</strong></span> <span class='ocrx_word' id='word_1_120' title='bbox 577 2986 831 3059; x_wconf 86' lang='lat' dir='ltr'><strong>Alexandrum</strong></span> <span class='ocrx_word' id='word_1_121' title='bbox 848 2983 1056 3081; x_wconf 81' lang='lat' dir='ltr'><strong>episcopum</strong></span> <span class='ocrx_word' id='word_1_122' title='bbox 1073 3028 1082 3045; x_wconf 91' lang='lat'><strong>·</strong></span> 
     </span>
    </p>

    <p class='ocr_par' dir='ltr' id='par_1_11' title="bbox 231 3097 1574 3422">
     <span class='ocr_line' id='line_1_18' title="bbox 231 3097 1572 3175; baseline -0.002 -2"><span class='ocrx_word' id='word_1_123' title='bbox 231 3102 323 3175; x_wconf 86' lang='lat' dir='ltr'><strong>Item</strong></span> <span class='ocrx_word' id='word_1_124' title='bbox 341 3125 454 3173; x_wconf 81' lang='lat' dir='ltr'><strong>vnum</strong></span> <span class='ocrx_word' id='word_1_125' title='bbox 472 3097 729 3173; x_wconf 87' lang='lat' dir='ltr'><strong>vestimentum</strong></span> <span class='ocrx_word' id='word_1_126' title='bbox 747 3101 792 3172; x_wconf 89' lang='lat' dir='ltr'><strong>de</strong></span> <span class='ocrx_word' id='word_1_127' title='bbox 810 3101 914 3172; x_wconf 89' lang='lat' dir='ltr'><strong>rubio</strong></span> <span class='ocrx_word' id='word_1_128' title='bbox 941 3102 1155 3172; x_wconf 87' lang='lat' dir='ltr'><strong>deauratum</strong></span> <span class='ocrx_word' id='word_1_129' title='bbox 1173 3121 1257 3171; x_wconf 84' lang='lat' dir='ltr'><strong>uum</strong></span> <span class='ocrx_word' id='word_1_130' title='bbox 1275 3098 1414 3170; x_wconf 80' lang='lat' dir='ltr'><strong>duabus</strong></span> <span class='ocrx_word' id='word_1_131' title='bbox 1439 3101 1572 3171; x_wconf 74' lang='lat' dir='ltr'><strong>tunitis</strong></span> 
     </span>
     <span class='ocr_line' id='line_1_19' title="bbox 277 3208 1574 3306; baseline -0.005 -19"><span class='ocrx_word' id='word_1_132' title='bbox 277 3215 367 3287; x_wconf 81' lang='lat' dir='ltr'><strong>albia</strong></span> <span class='ocrx_word' id='word_1_133' title='bbox 385 3222 423 3287; x_wconf 86' lang='lat' dir='ltr'><strong>et</strong></span> <span class='ocrx_word' id='word_1_134' title='bbox 440 3214 581 3286; x_wconf 69' lang='lat' dir='ltr'><strong>amittis</strong></span> <span class='ocrx_word' id='word_1_135' title='bbox 598 3222 636 3283; x_wconf 93' lang='lat' dir='ltr'><strong>et</strong></span> <span class='ocrx_word' id='word_1_136' title='bbox 653 3214 785 3284; x_wconf 83' lang='lat' dir='ltr'><strong>ceteris</strong></span> <span class='ocrx_word' id='word_1_137' title='bbox 810 3212 937 3283; x_wconf 89' lang='lat' dir='ltr'><strong>datum</strong></span> <span class='ocrx_word' id='word_1_138' title='bbox 964 3235 1030 3306; x_wconf 88' lang='lat' dir='ltr'><strong>per</strong></span> <span class='ocrx_word' id='word_1_139' title='bbox 1055 3212 1242 3283; x_wconf 87' lang='lat' dir='ltr'><strong>dominum</strong></span> <span class='ocrx_word' id='word_1_140' title='bbox 1264 3208 1466 3283; x_wconf 84' lang='lat' dir='ltr'><strong>Henricum</strong></span> <span class='ocrx_word' id='word_1_141' title='bbox 1483 3209 1574 3305; x_wconf 87' lang='lat' dir='ltr'>epis-</span> 
     </span>
     <span class='ocr_line' id='line_1_20' title="bbox 276 3321 740 3422; baseline -0.015 -22"><span class='ocrx_word' id='word_1_142' title='bbox 276 3350 407 3422; x_wconf 77' lang='lat' dir='ltr'><strong>copum</strong></span> <span class='ocrx_word' id='word_1_143' title='bbox 424 3321 713 3397; x_wconf 85' lang='lat' dir='ltr'><strong>Abirdoneusem</strong></span> <span class='ocrx_word' id='word_1_144' title='bbox 732 3364 740 3381; x_wconf 92' lang='lat'><strong>·</strong></span> 
     </span>
    </p>

    <p class='ocr_par' dir='ltr' id='par_1_12' title="bbox 232 3432 1573 3645">
     <span class='ocr_line' id='line_1_21' title="bbox 232 3432 1573 3513; baseline -0.001 -3"><span class='ocrx_word' id='word_1_145' title='bbox 232 3440 324 3513; x_wconf 85' lang='lat' dir='ltr'><strong>Item</strong></span> <span class='ocrx_word' id='word_1_146' title='bbox 358 3461 470 3511; x_wconf 87' lang='lat' dir='ltr'><strong>vnum</strong></span> <span class='ocrx_word' id='word_1_147' title='bbox 505 3434 762 3509; x_wconf 85' lang='lat' dir='ltr'><strong>vestimentum</strong></span> <span class='ocrx_word' id='word_1_148' title='bbox 788 3436 833 3508; x_wconf 84' lang='lat' dir='ltr'><strong>de</strong></span> <span class='ocrx_word' id='word_1_149' title='bbox 857 3435 988 3507; x_wconf 88' lang='lat' dir='ltr'><strong>blaueo</strong></span> <span class='ocrx_word' id='word_1_150' title='bbox 1013 3432 1124 3507; x_wconf 87' lang='lat' dir='ltr'><strong>serico</strong></span> <span class='ocrx_word' id='word_1_151' title='bbox 1159 3457 1242 3506; x_wconf 85' lang='lat' dir='ltr'><strong>cum</strong></span> <span class='ocrx_word' id='word_1_152' title='bbox 1272 3435 1411 3507; x_wconf 79' lang='lat' dir='ltr'><strong>duabus</strong></span> <span class='ocrx_word' id='word_1_153' title='bbox 1440 3437 1573 3509; x_wconf 81' lang='lat' dir='ltr'><strong>tunicis</strong></span> 
     </span>
     <span class='ocr_line' id='line_1_22' title="bbox 279 3543 1396 3645; baseline -0.005 -22"><span class='ocrx_word' id='word_1_154' title='bbox 279 3552 405 3625; x_wconf 91' lang='lat' dir='ltr'><strong>datum</strong></span> <span class='ocrx_word' id='word_1_155' title='bbox 428 3573 494 3645; x_wconf 84' lang='lat' dir='ltr'><strong>per</strong></span> <span class='ocrx_word' id='word_1_156' title='bbox 510 3546 720 3645; x_wconf 86' lang='lat' dir='ltr'><strong>magistrum</strong></span> <span class='ocrx_word' id='word_1_157' title='bbox 738 3548 942 3622; x_wconf 83' lang='lat' dir='ltr'><strong>Henricum</strong></span> <span class='ocrx_word' id='word_1_158' title='bbox 960 3547 1092 3642; x_wconf 86' lang='lat' dir='ltr'><strong>Rynde</strong></span> <span class='ocrx_word' id='word_1_159' title='bbox 1108 3543 1370 3619; x_wconf 87' lang='lat' dir='ltr'><strong>thesaurarium</strong></span> <span class='ocrx_word' id='word_1_160' title='bbox 1387 3589 1396 3606; x_wconf 90' lang='lat'><strong>·</strong></span> 
     </span>
    </p>

    <p class='ocr_par' dir='ltr' id='par_1_13' title="bbox 231 3658 1571 3868">
     <span class='ocr_line' id='line_1_23' title="bbox 231 3658 1571 3736; baseline -0.002 -2"><span class='ocrx_word' id='word_1_161' title='bbox 231 3663 324 3736; x_wconf 87' lang='lat' dir='ltr'><strong>Item</strong></span> <span class='ocrx_word' id='word_1_162' title='bbox 341 3686 452 3734; x_wconf 87' lang='lat' dir='ltr'><strong>vnum</strong></span> <span class='ocrx_word' id='word_1_163' title='bbox 472 3658 727 3733; x_wconf 82' lang='lat' dir='ltr'><strong>vestimentum</strong></span> <span class='ocrx_word' id='word_1_164' title='bbox 753 3662 799 3731; x_wconf 85' lang='lat' dir='ltr'><strong>de</strong></span> <span class='ocrx_word' id='word_1_165' title='bbox 823 3660 936 3731; x_wconf 88' lang='lat' dir='ltr'><strong>rubeo</strong></span> <span class='ocrx_word' id='word_1_166' title='bbox 961 3658 1075 3731; x_wconf 83' lang='lat' dir='ltr'><strong>serico</strong></span> <span class='ocrx_word' id='word_1_167' title='bbox 1092 3658 1305 3730; x_wconf 88' lang='lat' dir='ltr'><strong>deauratum</strong></span> <span class='ocrx_word' id='word_1_168' title='bbox 1331 3681 1414 3730; x_wconf 83' lang='lat' dir='ltr'><strong>cnm</strong></span> <span class='ocrx_word' id='word_1_169' title='bbox 1432 3660 1571 3731; x_wconf 83' lang='lat' dir='ltr'><strong>duabus</strong></span> 
     </span>
     <span class='ocr_line' id='line_1_24' title="bbox 280 3770 1155 3868; baseline -0.008 -21"><span class='ocrx_word' id='word_1_170' title='bbox 280 3778 410 3848; x_wconf 84' lang='lat' dir='ltr'><strong>tunleis</strong></span> <span class='ocrx_word' id='word_1_171' title='bbox 428 3776 553 3847; x_wconf 88' lang='lat' dir='ltr'><strong>datum</strong></span> <span class='ocrx_word' id='word_1_172' title='bbox 572 3797 636 3868; x_wconf 89' lang='lat' dir='ltr'><strong>per</strong></span> <span class='ocrx_word' id='word_1_173' title='bbox 652 3770 857 3868; x_wconf 86' lang='lat' dir='ltr'><strong>episcopum</strong></span> <span class='ocrx_word' id='word_1_174' title='bbox 874 3770 1155 3843; x_wconf 88' lang='lat' dir='ltr'><strong>Alexandrum·</strong></span> 
     </span>
    </p>

    <p class='ocr_par' dir='ltr' id='par_1_14' title="bbox 233 3881 1571 4072">
     <span class='ocr_line' id='line_1_25' title="bbox 233 3881 1571 3976; baseline -0.001 -19"><span class='ocrx_word' id='word_1_175' title='bbox 233 3886 324 3960; x_wconf 82' lang='lat' dir='ltr'><strong>Item</strong></span> <span class='ocrx_word' id='word_1_176' title='bbox 342 3910 453 3959; x_wconf 85' lang='lat' dir='ltr'><strong>vnum</strong></span> <span class='ocrx_word' id='word_1_177' title='bbox 471 3883 727 3958; x_wconf 87' lang='lat' dir='ltr'><strong>vestimentum</strong></span> <span class='ocrx_word' id='word_1_178' title='bbox 744 3886 898 3957; x_wconf 87' lang='lat' dir='ltr'><strong>rubeum</strong></span> <span class='ocrx_word' id='word_1_179' title='bbox 915 3906 999 3955; x_wconf 83' lang='lat' dir='ltr'><strong>uum</strong></span> <span class='ocrx_word' id='word_1_180' title='bbox 1019 3881 1158 3954; x_wconf 78' lang='lat' dir='ltr'><strong>duabus</strong></span> <span class='ocrx_word' id='word_1_181' title='bbox 1185 3882 1319 3953; x_wconf 84' lang='lat' dir='ltr'><strong>tunicis</strong></span> <span class='ocrx_word' id='word_1_182' title='bbox 1343 3890 1508 3976; x_wconf 88' lang='lat' dir='ltr'><strong>emptum</strong></span> <span class='ocrx_word' id='word_1_183' title='bbox 1525 3884 1571 3955; x_wconf 91' lang='lat' dir='ltr'><strong>de</strong></span> 
     </span>
     <span class='ocr_line' id='line_1_26' title="bbox 281 3996 874 4072; baseline -0.008 0"><span class='ocrx_word' id='word_1_184' title='bbox 281 4000 461 4072; x_wconf 83' lang='lat' dir='ltr'><strong>eommuni</strong></span> <span class='ocrx_word' id='word_1_185' title='bbox 479 3996 585 4070; x_wconf 87' lang='lat' dir='ltr'><strong>bursa</strong></span> <span class='ocrx_word' id='word_1_186' title='bbox 601 3999 874 4069; x_wconf 77' lang='lat' dir='ltr'><strong>canonicorum·</strong></span> 
     </span>
    </p>

    <p class='ocr_par' dir='ltr' id='par_1_15' title="bbox 234 4105 1572 4315">
     <span class='ocr_line' id='line_1_27' title="bbox 234 4105 1572 4201; baseline -0.003 -20"><span class='ocrx_word' id='word_1_187' title='bbox 234 4110 326 4183; x_wconf 87' lang='lat' dir='ltr'><strong>Item</strong></span> <span class='ocrx_word' id='word_1_188' title='bbox 342 4105 729 4182; x_wconf 83' lang='lat' dir='ltr'><strong>vnumvestimentum</strong></span> <span class='ocrx_word' id='word_1_189' title='bbox 746 4110 860 4181; x_wconf 85' lang='lat' dir='ltr'><strong>viride</strong></span> <span class='ocrx_word' id='word_1_190' title='bbox 877 4129 961 4180; x_wconf 88' lang='lat' dir='ltr'><strong>cum</strong></span> <span class='ocrx_word' id='word_1_191' title='bbox 988 4107 1119 4178; x_wconf 80' lang='lat' dir='ltr'><strong>ametis</strong></span> <span class='ocrx_word' id='word_1_192' title='bbox 1144 4112 1183 4177; x_wconf 88' lang='lat' dir='ltr'><strong>et</strong></span> <span class='ocrx_word' id='word_1_193' title='bbox 1209 4108 1339 4179; x_wconf 82' lang='lat' dir='ltr'><strong>ueteris</strong></span> <span class='ocrx_word' id='word_1_194' title='bbox 1364 4106 1490 4178; x_wconf 86' lang='lat' dir='ltr'><strong>datum</strong></span> <span class='ocrx_word' id='word_1_195' title='bbox 1507 4130 1572 4201; x_wconf 86' lang='lat' dir='ltr'><strong>per</strong></span> 
     </span>
     <span class='ocr_line' id='line_1_28' title="bbox 281 4219 940 4315; baseline -0.005 -22"><span class='ocrx_word' id='word_1_196' title='bbox 281 4224 465 4295; x_wconf 91' lang='lat' dir='ltr'><strong>dominum</strong></span> <span class='ocrx_word' id='word_1_197' title='bbox 482 4220 690 4294; x_wconf 86' lang='lat' dir='ltr'><strong>Gilbertum</strong></span> <span class='ocrx_word' id='word_1_198' title='bbox 708 4219 914 4315; x_wconf 86' lang='lat' dir='ltr'><strong>episcopum</strong></span> <span class='ocrx_word' id='word_1_199' title='bbox 932 4260 940 4277; x_wconf 91' lang='lat'><strong>·</strong></span> 
     </span>
    </p>

    <p class='ocr_par' dir='ltr' id='par_1_16' title="bbox 235 4327 1573 4539">
     <span class='ocr_line' id='line_1_29' title="bbox 235 4327 1573 4423; baseline -0.001 -19"><span class='ocrx_word' id='word_1_200' title='bbox 235 4333 327 4407; x_wconf 90' lang='lat' dir='ltr'><strong>Item</strong></span> <span class='ocrx_word' id='word_1_201' title='bbox 344 4357 455 4406; x_wconf 89' lang='lat' dir='ltr'><strong>vnum</strong></span> <span class='ocrx_word' id='word_1_202' title='bbox 473 4330 732 4405; x_wconf 85' lang='lat' dir='ltr'><strong>vestimentum</strong></span> <span class='ocrx_word' id='word_1_203' title='bbox 757 4333 881 4405; x_wconf 90' lang='lat' dir='ltr'><strong>album</strong></span> <span class='ocrx_word' id='word_1_204' title='bbox 898 4332 945 4403; x_wconf 88' lang='lat' dir='ltr'><strong>de</strong></span> <span class='ocrx_word' id='word_1_205' title='bbox 965 4327 1121 4403; x_wconf 89' lang='lat' dir='ltr'><strong>fustiana</strong></span> <span class='ocrx_word' id='word_1_206' title='bbox 1145 4352 1210 4423; x_wconf 91' lang='lat' dir='ltr'><strong>pro</strong></span> <span class='ocrx_word' id='word_1_207' title='bbox 1235 4328 1421 4402; x_wconf 85' lang='lat' dir='ltr'><strong>ferialibus</strong></span> <span class='ocrx_word' id='word_1_208' title='bbox 1446 4330 1573 4403; x_wconf 79' lang='lat' dir='ltr'><strong>diebus</strong></span> 
     </span>
     <span class='ocr_line' id='line_1_30' title="bbox 283 4444 975 4539; baseline -0.004 -21"><span class='ocrx_word' id='word_1_209' title='bbox 283 4470 364 4518; x_wconf 85' lang='lat' dir='ltr'><strong>cum</strong></span> <span class='ocrx_word' id='word_1_210' title='bbox 376 4446 492 4518; x_wconf 84' lang='lat' dir='ltr'><strong>tribus</strong></span> <span class='ocrx_word' id='word_1_211' title='bbox 509 4444 601 4516; x_wconf 83' lang='lat' dir='ltr'><strong>albis</strong></span> <span class='ocrx_word' id='word_1_212' title='bbox 618 4468 701 4516; x_wconf 88' lang='lat' dir='ltr'><strong>eum</strong></span> <span class='ocrx_word' id='word_1_213' title='bbox 718 4446 949 4539; x_wconf 84' lang='lat' dir='ltr'><strong>pertinentiis</strong></span> <span class='ocrx_word' id='word_1_214' title='bbox 967 4482 975 4501; x_wconf 94' lang='lat'><strong>·</strong></span> 
     </span>
    </p>

    <p class='ocr_par' dir='ltr' id='par_1_17' title="bbox 237 4553 1574 4653">
     <span class='ocr_line' id='line_1_31' title="bbox 237 4553 1574 4653; baseline -0.001 -24"><span class='ocrx_word' id='word_1_215' title='bbox 237 4556 328 4631; x_wconf 87' lang='lat' dir='ltr'><strong>Item</strong></span> <span class='ocrx_word' id='word_1_216' title='bbox 345 4580 457 4630; x_wconf 85' lang='lat' dir='ltr'><strong>vnum</strong></span> <span class='ocrx_word' id='word_1_217' title='bbox 476 4553 732 4630; x_wconf 80' lang='lat' dir='ltr'><strong>vestimentum</strong></span> <span class='ocrx_word' id='word_1_218' title='bbox 758 4559 803 4629; x_wconf 89' lang='lat' dir='ltr'><strong>de</strong></span> <span class='ocrx_word' id='word_1_219' title='bbox 830 4558 944 4653; x_wconf 87' lang='lat' dir='ltr'><strong>burgo</strong></span> <span class='ocrx_word' id='word_1_220' title='bbox 969 4555 1155 4628; x_wconf 83' lang='lat' dir='ltr'><strong>alexandri</strong></span> <span class='ocrx_word' id='word_1_221' title='bbox 1181 4576 1267 4627; x_wconf 84' lang='lat' dir='ltr'><strong>cum</strong></span> <span class='ocrx_word' id='word_1_222' title='bbox 1295 4553 1378 4627; x_wconf 90' lang='lat' dir='ltr'><strong>albu</strong></span> <span class='ocrx_word' id='word_1_223' title='bbox 1397 4564 1435 4626; x_wconf 90' lang='lat' dir='ltr'><strong>et</strong></span> <span class='ocrx_word' id='word_1_224' title='bbox 1452 4566 1574 4628; x_wconf 86' lang='lat' dir='ltr'><strong>ameta</strong></span> 
     </span>
    </p>
   </div>
   <div class='ocr_carea' id='block_1_5' title="bbox 0 0 2040 5534">
    <p class='ocr_par' dir='ltr' id='par_1_18' title="bbox 0 0 2040 5534">
     <span class='ocr_line' id='line_1_32' title="bbox 0 0 2040 5534; baseline 0 0"><span class='ocrx_word' id='word_1_225' title='bbox 0 0 2040 5534; x_wconf 95' lang='lat' dir='ltr'><strong> </strong></span> 
     </span>
    </p>
   </div>
  </div>
 </body>
</html>
