4050 5534
229 657 331 755 xva]
692 655 1095 733 ABERDONENSE.
1491 669 1563 734 225

223 861 248 931 J
250 862 352 935 aeobi
371 859 490 956 Mudy
505 862 543 931 in
563 856 758 931 Aberdene
774 857 814 931 xl
832 858 861 929 ἔ.
903 856 953 930 Et
970 860 1008 931 in
1026 858 1192 951 Enronry
1208 859 1255 930 de
1278 859 1385 931 terris
1410 869 1450 932 et
1465 860 1564 932 rudia

225 974 358 1046 ibidem
375 980 416 1045 vt
440 974 479 1045 in
496 974 604 1045 eartie
628 972 771 1066 plenius
788 972 998 1044 continetur
1013 971 1053 1042 xl
1070 972 1100 1043 ἔ.
1146 970 1197 1043 Et
1214 972 1260 1043 de
1276 981 1372 1045 terra
1396 971 1483 1044 olim
1500 972 1563 1043 do-

225 1087 312 1157 mini
334 1084 512 1158 Johennis
529 1082 700 1157 Fentoun
717 1106 814 1191 nune
830 1082 969 1157 Thome
994 1080 1180 1156 Hartihed
1196 1084 1234 1154 in
1253 1082 1455 1156 feudifirma
1471 1083 1558 1179 xxvj

227 1225 254 1271 S.
272 1222 334 1292 ml
353 1194 389 1268 d·
496 1306 648 1381 Summa
724 1362 732 1379 .
834 1360 841 1377 .
919 1306 1037 1403 vjlila
1054 1306 1117 1404 xiij
1137 1309 1166 1380 ἔ.
1183 1306 1234 1402 iiij
1253 1306 1289 1380 d.

320 1528 428 1631 Missa
440 1534 650 1626 quotidiana
662 1556 727 1627 pro
738 1535 858 1607 anima
874 1528 1035 1628 magistri
1052 1531 1253 1605 Alexandri
1273 1532 1461 1629 Lyndesay
1474 1534 1561 1607 olim

331 1646 478 1717 redieris
495 1645 541 1717 de
555 1643 755 1739 Balheluy·

250 1756 328 1889 ”De
352 1756 448 1940 ιιΠιὲ
473 1756 518 1828 de
535 1754 755 1853 Angustoun
787 1758 826 1829 in
856 1757 1024 1829 manibus
1048 1756 1186 1829 domini
1214 1758 1259 1829 de
1290 1757 1407 1830 Drum
1436 1759 1470 1855 vj
1497 1761 1560 1831 lib.

223 1892 285 1965 ιιι]
305 1895 333 1943 s.
351 1891 402 1964 ιιι]
450 1922 458 1939 .

300 2176 307 2187 ‚
320 2090 428 2166 Miffa
438 2095 653 2189 quotidiana,
662 2115 726 2189 pro
737 2094 858 2165 anima
868 2093 1004 2165 domini
1014 2092 1152 2165 Thome
1160 2091 1338 2187 Myrtoun
1348 2094 1435 2167 olim
1445 2098 1561 2169 archi·

319 2206 459 2278 diaeoni
477 2202 745 2278 Aberdonenfis
762 2214 800 2277 et
817 2202 1059 2278 anniuersario
1076 2203 1237 2278 eiusdem
1254 2246 1263 2263 ·

272 2318 331 2393 De
357 2319 467 2391 certis
497 2316 620 2390 eroftia
648 2317 737 2389 olim
764 2316 921 2389 Gilberti
948 2316 1097 2411 Men3ea
1123 2314 1293 2412 prepositi
1315 2319 1362 2391 de
1388 2318 1561 2395 Aberden

221 2430 391 2505 videlieet
417 2430 462 2503 de
487 2430 524 2525 ly
541 2429 729 2524 Glayhillie
746 2451 769 2498 v
785 2428 848 2501 lib.
901 2428 951 2500 Et
969 2430 1013 2501 de
1039 2430 1154 2501 aroito
1185 2429 1281 2523 apud
1306 2430 1343 2525 ly
1363 2428 1562 2540 Oragstoun

222 2552 350 2617 vocato
375 2543 498 2616 Covlia
528 2541 631 2615 Orosi
655 2542 742 2636 xxvj
771 2542 800 2613 ἔ.
827 2542 889 2635 viij
906 2538 943 2613 d.
996 2540 1047 2611 Et
1072 2543 1118 2612 de
1141 2542 1256 2613 crofta
1273 2552 1402 2615 vocato
1424 2543 1561 2640 Angell

221 2658 296 2729 roll
312 2656 405 2730 croft
422 2654 485 2750 xiij
508 2658 538 2729 ἔ.
564 2653 615 2750 iiij
633 2652 670 2727 d.
733 2653 786 2725 Et
811 2654 857 2727 de
883 2654 998 2727 erofto
1015 2663 1144 2727 vocato
1168 2659 1213 2745 pe
1239 2652 1328 2744 Low
1345 2654 1449 2728 Oroft
1465 2660 1561 2751 apud

220 2770 257 2864 ly
274 2767 513 2843 Gallowhillis
529 2764 567 2862 iij
587 2767 649 2838 lib.

602 2877 754 2953 Summa
854 2932 863 2949 .
965 2931 973 2947 .
1074 2902 1100 2950 x
1117 2878 1180 2950 lib.

322 3101 430 3179 Miffa
446 3128 510 3200 pro
527 3105 649 3193 anima
665 3100 826 3200 magistri
845 3103 871 3176 J
873 3103 1024 3177 ohannis
1043 3099 1229 3175 Fleschare
1254 3102 1341 3176 olim
1359 3106 1560 3203 cancellarij

319 3211 589 3290 Aberdonensrs
615 3217 671 3288 bia
688 3217 726 3287 in
744 3216 944 3289 ebdomada
960 3215 1177 3289 celebranda
1192 3210 1418 3307 videlieetin
1435 3231 1563 3313 quarta

322 3341 361 3403 et
377 3329 481 3403 sexta
496 3326 596 3423 ferije
613 3369 622 3385 ·

271 3443 330 3516 De
346 3454 444 3516 terra
455 3442 542 3513 olim
557 3440 709 3512 Roberti
727 3438 953 3535 Pyparnune
970 3439 1095 3513 relide
1111 3438 1314 3517 Alexandri
1331 3439 1560 3516 Renaldsone

224 3556 257 3653 vj
275 3561 305 3632 ἔ.
323 3554 383 3651 viij
402 3553 439 3628 d.
491 3553 542 3626 Et
559 3554 605 3625 de
630 3563 727 3626 terra
748 3548 908 3647 magistri
924 3551 1104 3625 iohannis
1120 3550 1318 3648 Gumming
1333 3553 1558 3652 prebendarij

222 3672 268 3742 de
284 3668 385 3763 Deyr
408 3690 506 3739 nune
524 3664 706 3737 Willelmi
724 3664 873 3757 Quhyte
897 3662 985 3759 xxvj
1004 3666 1034 3737 ἕ.
1053 3663 1114 3758 viij
1133 3659 1168 3733 d.
1221 3663 1272 3736 Et
1289 3665 1334 3736 de
1348 3674 1457 3741 terra
1472 3668 1560 3743 olim

223 3782 424 3855 Alexandri
441 3778 540 3851 Roth
566 3800 663 3851 nune
689 3774 890 3848 Alexandri
908 3773 1034 3848 Freser
1058 3774 1223 3850 tindloria
1249 3777 1287 3848 in
1305 3776 1342 3870 ly
1363 3800 1498 3872 greyne
1515 3781 1560 3852 de

224 3893 417 3967 Aberdene
434 3914 485 3963 xx
501 3890 530 3962 ἔ.

544 4000 698 4075 Summe
799 4053 808 4069 .
911 4054 918 4070 .
1021 3996 1073 4093 iiij
1090 4000 1121 4071 ἔ.
1137 3998 1189 4095 iiij
1208 3997 1244 4071 d.

324 4224 434 4303 Missa
450 4251 514 4323 pro
531 4228 653 4300 anima
680 4220 840 4320 magistri
859 4223 1040 4299 Willelmi
1057 4223 1288 4318 Oreyehtoun
1308 4224 1395 4296 olim
1419 4227 1563 4301 redieris

321 4343 368 4415 de
386 4340 479 4413 Own
496 4340 552 4411 bie
569 4340 608 4410 in
636 4336 837 4410 ebdomada
852 4336 1071 4411 celebranda
1087 4335 1258 4409 videlieet
1276 4346 1405 4431 quarta
1420 4340 1510 4415 feria
1525 4354 1564 4413 et

274 4452 360 4641 De1⁸¹²
348 4453 610 4639 tldlditeodomini
628 4562 674 4634 de
691 4559 862 4634 Straloeh
879 4558 1049 4632 videlieet
1067 4554 1299 4632 Auchinstuk
1317 4560 1355 4635 xl
1370 4564 1399 4635 ἔ.

273 4699 355 4751 vor..
374 4698 416 4749 11.
698 4730 700 4737 ,
868 4676 931 4743 91³
