4050 5534
361 604 372 626 '
425 645 499 716 294
955 638 1259 715 naoffiraun
1608 642 1761 737 [noun

425 838 571 931 aliquali
589 839 871 912 contradidione
896 849 961 914 ent
983 841 1215 912 reuocatione
1239 837 1400 914 nostrum
1419 841 1475 913 vei
1494 841 1669 912 heredum
1686 838 1762 911 nos·

427 961 565 1023 trorum
594 965 658 1023 aut
686 952 837 1025 oliorum
863 975 1159 1046 quorumcunque
1189 953 1335 1026 nomino
1361 951 1481 1026 nostro
1507 951 1565 1025 vel
1590 976 1638 1024 ex
1663 963 1763 1044 parte

427 1059 546 1135 nostra
576 1064 661 1134 iude
690 1065 854 1137 facienda
882 1087 965 1136 cum
996 1063 1164 1134 omnibus
1192 1062 1420 1138 libertatibus
1448 1064 1763 1136 commoditatibus

425 1158 656 1254 aysramentis
671 1173 711 1235 et
727 1167 858 1236 ceteris
874 1164 1106 1257 pertinencijs
1119 1161 1390 1256 quibuscunque
1407 1165 1452 1240 ud
1471 1159 1585 1256 ipsum
1602 1185 1761 1236 annuum

426 1274 608 1344 redditum
634 1272 878 1368 spettautibus
902 1273 964 1347 seu
986 1271 1077 1346 iuste
1104 1274 1259 1368 spestare
1286 1274 1488 1350 valentibus
1512 1277 1552 1346 iu
1574 1277 1762 1346 futurum·

427 1385 478 1456 Et
495 1408 560 1456 nos
578 1409 661 1456 vero
687 1389 783 1460 diste
808 1389 982 1460 Marioria
997 1399 1036 1458 et
1054 1386 1263 1480 Margareta
1287 1387 1438 1460 heredes
1455 1383 1564 1458 nostri
1592 1397 1629 1458 et
1655 1384 1762 1458 nostri

416 1492 589 1591 ,affignati
619 1501 820 1592 predittnm
847 1523 1008 1571 annuum
1038 1500 1220 1586 redditum
1251 1522 1334 1570 cunr
1364 1500 1596 1592 pertinencijs
1625 1499 1763 1592 prefato

428 1607 618 1681 Willelmo
642 1611 834 1683 heredibus
852 1611 977 1683 suiset
993 1609 1064 1683 suis
1090 1606 1272 1705 assignatis
1298 1622 1423 1682 contra
1446 1633 1571 1684 omnes
1601 1610 1763 1681 horninea

426 1731 464 1792 et
491 1722 643 1794 feminas
665 1725 965 1795 varantizabimns
992 1723 1277 1818 acquietabimus
1294 1731 1333 1794 et
1350 1724 1617 1818 imperpetuum
1643 1723 1763 1792 defen-

426 1833 573 1904 demus·
590 1832 636 1906 In
654 1837 757 1908 cuius
773 1839 826 1907 rei
844 1831 1091 1906 testimonium
1105 1833 1259 1928 presenti
1271 1844 1369 1906 carte
1387 1832 1505 1909 nostre
1517 1831 1631 1928 sigilla
1647 1829 1764 1906 nostra

424 1943 509 2016 sunt
526 1947 681 2040 appensa
698 1957 736 2020 et
759 1949 805 2020 ad
830 1949 1003 2019 maiorem
1020 1948 1128 2018 huius
1153 1948 1204 2017 rei
1223 1944 1451 2018 securitatem
1466 1941 1580 2042 figula
1597 1945 1764 2038 Symonia

424 2058 469 2128 de
487 2057 668 2152 Bynnyne
686 2071 724 2132 et
742 2057 880 2132 Helisei
907 2062 953 2132 de
978 2059 1115 2131 Dalton
1142 2059 1295 2128 duorum
1316 2057 1532 2129 balliuorurn
1551 2057 1635 2130 diui
1661 2056 1761 2152 burgi

423 2169 650 2261 presentibus
667 2175 799 2266 apponi
816 2173 1087 2266 procurauimus
1100 2207 1109 2226 ·
1123 2169 1233 2264 Apud
1250 2167 1423 2240 Aberden
1438 2169 1546 2242 tertio
1564 2170 1622 2242 die
1635 2165 1763 2240 mensis

323 2312 326 2316 ⁴
422 2279 516 2374 Julij
535 2305 631 2356 anno
650 2283 797 2356 Domini
814 2281 1005 2356 millesimo
1023 2277 1265 2355 tricentesrmo
1282 2275 1511 2376 nonagesimo
1529 2277 1631 2352 serto
1644 2319 1654 2338 ·
1668 2277 1764 2352 testi·

423 2393 491 2464 bus
522 2393 714 2468 Willelrno
746 2396 896 2468 Andree
925 2405 1015 2468 tunc
1042 2395 1126 2466 disci
1153 2394 1257 2488 burgi
1281 2392 1515 2466 aldermanno
1539 2429 1548 2450 ·
1575 2391 1762 2466 Willelmo

423 2505 470 2574 de
487 2504 641 2579 Carnem
658 2547 667 2566 ·
686 2506 888 2579 haurencio
912 2510 958 2580 de
982 2507 1077 2580 heth
1095 2543 1103 2562 ·
1122 2505 1333 2579 Alexandro
1349 2504 1553 2578 Banermun
1572 2545 1580 2564 ·
1598 2503 1763 2583 Johanne

423 2617 469 2686 de
487 2615 649 2691 beddale
666 2631 705 2692 et
722 2621 848 2692 multis
869 2621 948 2714 alijs
966 2660 975 2678 ·

423 2938 534 3013 Carta
551 2943 751 3016 feodifirme
768 2945 918 3017 dimidia
934 2947 1049 3039 partis
1067 2946 1113 3018 de
1132 2943 1343 3016 Newlandis
1360 2981 1368 2996 ·

424 3147 625 3250 Vniuersrs
637 3171 730 3242 hanc
744 3182 880 3242 cartam
895 3168 1019 3242 visuris
1034 3170 1092 3242 vel
1105 3171 1280 3242 audituris
1292 3167 1458 3240 Andreas
1472 3167 1569 3242 Vase
1581 3167 1762 3266 burgensis

425 3291 470 3362 de
481 3283 653 3357 Aberden
669 3321 719 3340 ···
734 3283 867 3354 Sciatis
878 3305 938 3353 me
952 3320 961 3340 ·
976 3317 985 3334 ·
1001 3317 1009 3336 ·
1023 3284 1068 3354 ad
1080 3282 1325 3354 feodofirmam
1340 3277 1503 3352 dimisisse
1521 3292 1579 3352 et·
1595 3283 1763 3358 ··coniir·

423 3396 532 3472 masse
543 3395 674 3467 diletto
686 3391 1417 3489 consurgentmeotohannigouletotam
1431 3393 1614 3466 dimidiam
1625 3405 1761 3492 partera

424 3523 600 3582 terrarum
614 3507 659 3576 de
671 3505 925 3600 inewlondis
936 3505 1025 3576 mihi
1039 3506 1117 3576 iure
1127 3505 1344 3578 hereditario
1361 3505 1633 3598 contingentem
1647 3508 1764 3580 iacen-

424 3635 502 3694 tem
518 3619 612 3692 iufra
636 3620 860 3691 territorium
877 3618 1074 3688 croftorum
1101 3619 1205 3714 burgi
1231 3617 1277 3688 de
1294 3615 1467 3688 Aberden
1485 3617 1581 3688 inter
1605 3639 1763 3693 commu·

424 3757 509 3806 nem
526 3733 623 3802 viam
635 3731 771 3824 regiam
784 3731 998 3802 tendentem
1011 3753 1033 3802 a
1045 3740 1157 3824 ponte
1174 3730 1354 3802 latronum
1369 3727 1477 3820 usqne
1494 3729 1539 3799 ad
1556 3740 1705 3822 pontem
1718 3731 1763 3814 dc

423 3845 620 3940 Polgowny
645 3841 764 3913 versus
797 3842 966 3914 occidens
999 3852 1038 3912 et
1063 3842 1100 3936 ly
1134 3841 1293 3914 Tutahill
1320 3838 1438 3912 versus
1463 3841 1609 3912 boream
1634 3852 1672 3917 et
1697 3841 1762 3912 sos·

421 3957 496 4030 sam
517 3955 612 4048 Foty
628 3953 749 4025 versus
774 3955 893 4024 oriens
916 3964 956 4024 et
980 3953 1135 4024 croitum
1162 3955 1257 4045 quod
1283 3952 1467 4025 Johannea
1492 3952 1587 4023 filius
1612 3953 1761 4028 Henrici

422 4079 526 4142 tenet
543 4067 589 4138 de
606 4065 799 4137 heredibus
810 4067 990 4158 quondam
1007 4063 1186 4136 Johannis
1204 4065 1341 4159 Lydalo
1359 4075 1397 4135 ct
1415 4065 1569 4136 croftum
1587 4063 1764 4142 Johannis

425 4179 581 4274 Wrycht
598 4174 719 4249 versus
736 4173 896 4250 austrum
981 4175 1181 4249 Reddendo
1199 4177 1283 4247 inde
1294 4215 1302 4234 ·
1314 4213 1345 4234 ··
1361 4177 1436 4270 regi
1454 4172 1640 4250 seruitium
1666 4177 1763 4248 debi-

420 4307 502 4365 tum
528 4302 566 4362 et
587 4289 798 4362 consuetum
815 4289 904 4360 mihi
922 4313 1008 4360 vero
1025 4288 1217 4360 heredibus
1234 4289 1325 4358 meis
1343 4298 1381 4358 et
1396 4289 1486 4360 meis
1503 4283 1686 4382 assignetis
1702 4287 1761 4360 sex

422 4404 554 4478 solidos
579 4413 618 4474 et
634 4402 695 4495 viij
722 4403 887 4472 denarios
912 4401 1099 4474 annuatim
1131 4439 1141 4458 ·
1169 4439 1178 4456 ·
1207 4441 1217 4460 ·
1255 4398 1300 4470 In
1322 4401 1424 4470 ouius
1441 4401 1493 4470 rei
1519 4397 1761 4474 testimonium

420 4512 578 4612 sigillum
603 4537 725 4585 meum
756 4511 914 4606 presenti
942 4525 1043 4586 carte
1073 4535 1154 4584 mee
1183 4508 1330 4606 apposui
1356 4521 1396 4582 et
1420 4521 1568 4605 propter
1592 4513 1760 4586 maiorem
