<?xml version="1.0" encoding="UTF-8"?>
<!DOCTYPE html PUBLIC "-//W3C//DTD XHTML 1.0 Transitional//EN"
    "http://www.w3.org/TR/xhtml1/DTD/xhtml1-transitional.dtd">
<html xmlns="http://www.w3.org/1999/xhtml" xml:lang="en" lang="en">
 <head>
  <title>
</title>
<meta http-equiv="Content-Type" content="text/html;charset=utf-8" />
  <meta name='ocr-system' content='tesseract 3.04.00' />
  <meta name='ocr-capabilities' content='ocr_page ocr_carea ocr_par ocr_line ocrx_word'/>
</head>
<body>
  <div class='ocr_page' id='page_1' title='image "./registrumepisco02innegoog_0274.png"; bbox 0 0 4050 5534; ppageno 0'>
   <div class='ocr_carea' id='block_1_1' title="bbox 447 662 1782 765">
    <p class='ocr_par' dir='ltr' id='par_1_1' title="bbox 447 662 1782 765">
     <span class='ocr_line' id='line_1_1' title="bbox 447 662 1782 765; baseline -0.001 -26"><span class='ocrx_word' id='word_1_1' title='bbox 447 674 516 745; x_wconf 73' lang='lat'><strong>192</strong></span> <span class='ocrx_word' id='word_1_2' title='bbox 961 662 1267 741; x_wconf 78' lang='lat' dir='ltr'><strong>REGIS&#39;I&#39;RUM</strong></span> <span class='ocrx_word' id='word_1_3' title='bbox 1627 667 1782 765; x_wconf 76' lang='lat' dir='ltr'><strong>[arcum</strong></span> 
     </span>
    </p>
   </div>
   <div class='ocr_carea' id='block_1_2' title="bbox 466 974 1762 1170">
    <p class='ocr_par' dir='ltr' id='par_1_2' title="bbox 466 974 1762 1170">
     <span class='ocr_line' id='line_1_2' title="bbox 466 974 1762 1053; baseline -0.002 -1"><span class='ocrx_word' id='word_1_4' title='bbox 466 974 716 1053; x_wconf 80' lang='lat' dir='ltr'><strong>Onrrsurrrra</strong></span> <span class='ocrx_word' id='word_1_5' title='bbox 743 998 866 1051; x_wconf 79' lang='lat' dir='ltr'><strong>suum</strong></span> <span class='ocrx_word' id='word_1_6' title='bbox 893 998 1052 1051; x_wconf 83' lang='lat' dir='ltr'><strong>snrsnrs</strong></span> <span class='ocrx_word' id='word_1_7' title='bbox 1079 999 1198 1051; x_wconf 84' lang='lat' dir='ltr'><strong>noros</strong></span> <span class='ocrx_word' id='word_1_8' title='bbox 1224 998 1370 1051; x_wconf 75' lang='lat' dir='ltr'><strong>acuens</strong></span> <span class='ocrx_word' id='word_1_9' title='bbox 1388 1000 1464 1053; x_wconf 82' lang='lat' dir='ltr'><strong>ran</strong></span> <span class='ocrx_word' id='word_1_10' title='bbox 1490 998 1762 1053; x_wconf 79' lang='lat' dir='ltr'><strong>sornanrcrorr</strong></span> 
     </span>
     <span class='ocr_line' id='line_1_3' title="bbox 598 1086 1642 1170; baseline -0.006 0"><span class='ocrx_word' id='word_1_11' title='bbox 598 1111 786 1170; x_wconf 80' lang='lat' dir='ltr'><strong>ononosu</strong></span> <span class='ocrx_word' id='word_1_12' title='bbox 814 1086 1004 1165; x_wconf 79' lang='lat' dir='ltr'><strong>Gsnmors</strong></span> <span class='ocrx_word' id='word_1_13' title='bbox 1033 1087 1361 1165; x_wconf 77' lang='lat' dir='ltr'><strong>Annrnorrnrrsxas</strong></span> <span class='ocrx_word' id='word_1_14' title='bbox 1386 1112 1642 1165; x_wconf 80' lang='lat' dir='ltr'><strong>arrscornrr·</strong></span> 
     </span>
    </p>
   </div>
   <div class='ocr_carea' id='block_1_3' title="bbox 344 1294 1798 4661">
    <p class='ocr_par' dir='ltr' id='par_1_3' title="bbox 344 1294 1793 2173">
     <span class='ocr_line' id='line_1_4' title="bbox 344 1294 1789 1413; baseline -0.004 -22"><span class='ocrx_word' id='word_1_15' title='bbox 344 1352 345 1356; x_wconf 39' lang='lat'>¹</span> <span class='ocrx_word' id='word_1_16' title='bbox 454 1294 644 1413; x_wconf 75' lang='lat' dir='ltr'><strong>imprimis</strong></span> <span class='ocrx_word' id='word_1_17' title='bbox 661 1324 735 1389; x_wconf 87' lang='lat' dir='ltr'><strong>tres</strong></span> <span class='ocrx_word' id='word_1_18' title='bbox 751 1339 864 1411; x_wconf 88' lang='lat' dir='ltr'><strong>cappe</strong></span> <span class='ocrx_word' id='word_1_19' title='bbox 880 1311 942 1388; x_wconf 90' lang='lat' dir='ltr'><strong>seu</strong></span> <span class='ocrx_word' id='word_1_20' title='bbox 954 1315 1052 1411; x_wconf 85' lang='lat' dir='ltr'><strong>pallo</strong></span> <span class='ocrx_word' id='word_1_21' title='bbox 1077 1339 1124 1389; x_wconf 92' lang='lat' dir='ltr'><strong>ex</strong></span> <span class='ocrx_word' id='word_1_22' title='bbox 1147 1338 1233 1388; x_wconf 89' lang='lat' dir='ltr'><strong>curo</strong></span> <span class='ocrx_word' id='word_1_23' title='bbox 1250 1314 1373 1387; x_wconf 81' lang='lat' dir='ltr'><strong>textili</strong></span> <span class='ocrx_word' id='word_1_24' title='bbox 1390 1311 1548 1410; x_wconf 91' lang='lat' dir='ltr'><strong>precioso</strong></span> <span class='ocrx_word' id='word_1_25' title='bbox 1563 1314 1636 1388; x_wconf 91' lang='lat' dir='ltr'><strong>albi</strong></span> <span class='ocrx_word' id='word_1_26' title='bbox 1660 1312 1789 1387; x_wconf 88' lang='lat' dir='ltr'><strong>coloris</strong></span> 
     </span>
     <span class='ocr_line' id='line_1_5' title="bbox 453 1422 1787 1525; baseline -0.004 -22"><span class='ocrx_word' id='word_1_27' title='bbox 453 1451 535 1503; x_wconf 93' lang='lat' dir='ltr'><strong>cum</strong></span> <span class='ocrx_word' id='word_1_28' title='bbox 552 1428 702 1523; x_wconf 84' lang='lat' dir='ltr'><strong>fimbrijs</strong></span> <span class='ocrx_word' id='word_1_29' title='bbox 715 1428 832 1501; x_wconf 87' lang='lat' dir='ltr'><strong>aureis</strong></span> <span class='ocrx_word' id='word_1_30' title='bbox 844 1422 983 1501; x_wconf 90' lang='lat' dir='ltr'><strong>summo</strong></span> <span class='ocrx_word' id='word_1_31' title='bbox 1001 1426 1152 1501; x_wconf 82' lang='lat' dir='ltr'><strong>artificio</strong></span> <span class='ocrx_word' id='word_1_32' title='bbox 1166 1428 1349 1500; x_wconf 76' lang='lat' dir='ltr'><strong>contextis</strong></span> <span class='ocrx_word' id='word_1_33' title='bbox 1377 1468 1387 1486; x_wconf 92' lang='lat'><strong>·</strong></span> <span class='ocrx_word' id='word_1_34' title='bbox 1405 1428 1633 1525; x_wconf 85' lang='lat' dir='ltr'><strong>maegregis</strong></span> <span class='ocrx_word' id='word_1_35' title='bbox 1644 1422 1787 1499; x_wconf 82' lang='lat' dir='ltr'><strong>casula·</strong></span> 
     </span>
     <span class='ocr_line' id='line_1_6' title="bbox 454 1534 1791 1633; baseline -0.003 -20"><span class='ocrx_word' id='word_1_36' title='bbox 454 1542 525 1613; x_wconf 91' lang='lat' dir='ltr'><strong>due</strong></span> <span class='ocrx_word' id='word_1_37' title='bbox 535 1539 710 1613; x_wconf 80' lang='lat' dir='ltr'><strong>tunicella</strong></span> <span class='ocrx_word' id='word_1_38' title='bbox 727 1549 766 1611; x_wconf 86' lang='lat' dir='ltr'><strong>et</strong></span> <span class='ocrx_word' id='word_1_39' title='bbox 777 1540 849 1612; x_wconf 87' lang='lat' dir='ltr'><strong>due</strong></span> <span class='ocrx_word' id='word_1_40' title='bbox 862 1539 1056 1612; x_wconf 85' lang='lat' dir='ltr'><strong>dalmatico</strong></span> <span class='ocrx_word' id='word_1_41' title='bbox 1073 1562 1120 1611; x_wconf 90' lang='lat' dir='ltr'><strong>ex</strong></span> <span class='ocrx_word' id='word_1_42' title='bbox 1130 1538 1258 1611; x_wconf 86' lang='lat' dir='ltr'><strong>eodem</strong></span> <span class='ocrx_word' id='word_1_43' title='bbox 1270 1563 1450 1613; x_wconf 84' lang='lat' dir='ltr'><strong>aurorum</strong></span> <span class='ocrx_word' id='word_1_44' title='bbox 1466 1534 1791 1633; x_wconf 83' lang='lat' dir='ltr'><strong>fimbrijslimiliter</strong></span> 
     </span>
     <span class='ocr_line' id='line_1_7' title="bbox 454 1648 1792 1747; baseline -0.003 -22"><span class='ocrx_word' id='word_1_45' title='bbox 454 1676 538 1727; x_wconf 91' lang='lat' dir='ltr'><strong>oum</strong></span> <span class='ocrx_word' id='word_1_46' title='bbox 555 1652 670 1725; x_wconf 87' lang='lat' dir='ltr'><strong>tribus</strong></span> <span class='ocrx_word' id='word_1_47' title='bbox 687 1652 810 1747; x_wconf 90' lang='lat' dir='ltr'><strong>orarijs</strong></span> <span class='ocrx_word' id='word_1_48' title='bbox 823 1649 882 1726; x_wconf 92' lang='lat' dir='ltr'><strong>seu</strong></span> <span class='ocrx_word' id='word_1_49' title='bbox 900 1648 1000 1723; x_wconf 85' lang='lat' dir='ltr'><strong>stolis</strong></span> <span class='ocrx_word' id='word_1_50' title='bbox 1018 1661 1058 1723; x_wconf 88' lang='lat' dir='ltr'><strong>et</strong></span> <span class='ocrx_word' id='word_1_51' title='bbox 1074 1652 1234 1745; x_wconf 88' lang='lat' dir='ltr'><strong>quinque</strong></span> <span class='ocrx_word' id='word_1_52' title='bbox 1257 1652 1451 1747; x_wconf 74' lang='lat' dir='ltr'><strong>manipulis</strong></span> <span class='ocrx_word' id='word_1_53' title='bbox 1468 1654 1627 1747; x_wconf 89' lang='lat' dir='ltr'><strong>quinque</strong></span> <span class='ocrx_word' id='word_1_54' title='bbox 1642 1650 1735 1723; x_wconf 89' lang='lat' dir='ltr'><strong>albis</strong></span> <span class='ocrx_word' id='word_1_55' title='bbox 1751 1660 1792 1721; x_wconf 90' lang='lat' dir='ltr'><strong>et</strong></span> 
     </span>
     <span class='ocr_line' id='line_1_8' title="bbox 454 1760 1791 1858; baseline -0.004 -21"><span class='ocrx_word' id='word_1_56' title='bbox 454 1766 608 1838; x_wconf 88' lang='lat' dir='ltr'><strong>totidem</strong></span> <span class='ocrx_word' id='word_1_57' title='bbox 618 1764 758 1837; x_wconf 80' lang='lat' dir='ltr'><strong>amittis</strong></span> <span class='ocrx_word' id='word_1_58' title='bbox 770 1786 927 1839; x_wconf 82' lang='lat' dir='ltr'><strong>roccum</strong></span> <span class='ocrx_word' id='word_1_59' title='bbox 940 1764 1071 1858; x_wconf 83' lang='lat' dir='ltr'><strong>viginti</strong></span> <span class='ocrx_word' id='word_1_60' title='bbox 1088 1765 1248 1857; x_wconf 88' lang='lat' dir='ltr'><strong>quinque</strong></span> <span class='ocrx_word' id='word_1_61' title='bbox 1257 1766 1475 1857; x_wconf 74' lang='lat' dir='ltr'><strong>paramentis</strong></span> <span class='ocrx_word' id='word_1_62' title='bbox 1487 1760 1643 1837; x_wconf 87' lang='lat' dir='ltr'><strong>eiusdem</strong></span> <span class='ocrx_word' id='word_1_63' title='bbox 1661 1761 1791 1834; x_wconf 89' lang='lat' dir='ltr'><strong>coloris</strong></span> 
     </span>
     <span class='ocr_line' id='line_1_9' title="bbox 457 1872 1793 1970; baseline -0.006 -19"><span class='ocrx_word' id='word_1_64' title='bbox 457 1888 496 1951; x_wconf 87' lang='lat' dir='ltr'><strong>et</strong></span> <span class='ocrx_word' id='word_1_65' title='bbox 512 1877 587 1951; x_wconf 89' lang='lat' dir='ltr'><strong>tele</strong></span> <span class='ocrx_word' id='word_1_66' title='bbox 611 1900 720 1950; x_wconf 87' lang='lat' dir='ltr'><strong>auree</strong></span> <span class='ocrx_word' id='word_1_67' title='bbox 737 1898 820 1949; x_wconf 90' lang='lat' dir='ltr'><strong>cum</strong></span> <span class='ocrx_word' id='word_1_68' title='bbox 836 1874 900 1949; x_wconf 87' lang='lat' dir='ltr'><strong>sex</strong></span> <span class='ocrx_word' id='word_1_69' title='bbox 917 1876 1017 1947; x_wconf 84' lang='lat' dir='ltr'><strong>aonia</strong></span> <span class='ocrx_word' id='word_1_70' title='bbox 1041 1876 1173 1970; x_wconf 88' lang='lat' dir='ltr'><strong>biperti</strong></span> <span class='ocrx_word' id='word_1_71' title='bbox 1191 1874 1319 1947; x_wconf 91' lang='lat' dir='ltr'><strong>coloris</strong></span> <span class='ocrx_word' id='word_1_72' title='bbox 1334 1898 1489 1948; x_wconf 74' lang='lat' dir='ltr'><strong>unacum</strong></span> <span class='ocrx_word' id='word_1_73' title='bbox 1505 1898 1597 1949; x_wconf 84' lang='lat' dir='ltr'><strong>aona</strong></span> <span class='ocrx_word' id='word_1_74' title='bbox 1611 1872 1723 1946; x_wconf 88' lang='lat' dir='ltr'><strong>serica</strong></span> <span class='ocrx_word' id='word_1_75' title='bbox 1738 1872 1793 1943; x_wconf 83' lang='lat' dir='ltr'><strong>vi·</strong></span> 
     </span>
     <span class='ocr_line' id='line_1_10' title="bbox 457 1984 1792 2083; baseline -0.004 -22"><span class='ocrx_word' id='word_1_76' title='bbox 457 1990 543 2061; x_wconf 88' lang='lat' dir='ltr'><strong>ridis</strong></span> <span class='ocrx_word' id='word_1_77' title='bbox 560 1988 689 2063; x_wconf 89' lang='lat' dir='ltr'><strong>coloris</strong></span> <span class='ocrx_word' id='word_1_78' title='bbox 706 2011 769 2083; x_wconf 88' lang='lat' dir='ltr'><strong>pro</strong></span> <span class='ocrx_word' id='word_1_79' title='bbox 795 1988 967 2083; x_wconf 85' lang='lat' dir='ltr'><strong>pontifice</strong></span> <span class='ocrx_word' id='word_1_80' title='bbox 992 2008 1076 2059; x_wconf 88' lang='lat' dir='ltr'><strong>cum</strong></span> <span class='ocrx_word' id='word_1_81' title='bbox 1100 1984 1255 2083; x_wconf 75' lang='lat' dir='ltr'><strong>globulis</strong></span> <span class='ocrx_word' id='word_1_82' title='bbox 1271 1988 1389 2059; x_wconf 86' lang='lat' dir='ltr'><strong>aureIs</strong></span> <span class='ocrx_word' id='word_1_83' title='bbox 1414 1986 1702 2081; x_wconf 78' lang='lat' dir='ltr'><strong>dependentibus</strong></span> <span class='ocrx_word' id='word_1_84' title='bbox 1725 2007 1792 2079; x_wconf 87' lang='lat' dir='ltr'><strong>pro</strong></span> 
     </span>
     <span class='ocr_line' id='line_1_11' title="bbox 457 2097 814 2173; baseline -0.003 0"><span class='ocrx_word' id='word_1_85' title='bbox 457 2098 555 2173; x_wconf 88' lang='lat' dir='ltr'><strong>sestis</strong></span> <span class='ocrx_word' id='word_1_86' title='bbox 568 2097 787 2173; x_wconf 81' lang='lat' dir='ltr'><strong>solemnibus</strong></span> <span class='ocrx_word' id='word_1_87' title='bbox 805 2140 814 2159; x_wconf 89' lang='lat'><strong>·</strong></span> 
     </span>
    </p>

    <p class='ocr_par' dir='ltr' id='par_1_4' title="bbox 458 2207 1793 2509">
     <span class='ocr_line' id='line_1_12' title="bbox 507 2207 1792 2305; baseline -0.004 -21"><span class='ocrx_word' id='word_1_88' title='bbox 507 2208 604 2285; x_wconf 89' lang='lat' dir='ltr'><strong>Item</strong></span> <span class='ocrx_word' id='word_1_89' title='bbox 621 2207 779 2289; x_wconf 89' lang='lat' dir='ltr'><strong>eiusdem</strong></span> <span class='ocrx_word' id='word_1_90' title='bbox 797 2211 871 2285; x_wconf 84' lang='lat' dir='ltr'><strong>tole</strong></span> <span class='ocrx_word' id='word_1_91' title='bbox 888 2234 996 2286; x_wconf 88' lang='lat' dir='ltr'><strong>auree</strong></span> <span class='ocrx_word' id='word_1_92' title='bbox 1013 2220 1168 2304; x_wconf 89' lang='lat' dir='ltr'><strong>quatuor</strong></span> <span class='ocrx_word' id='word_1_93' title='bbox 1182 2210 1384 2305; x_wconf 87' lang='lat' dir='ltr'><strong>puluinaria</strong></span> <span class='ocrx_word' id='word_1_94' title='bbox 1400 2233 1484 2285; x_wconf 91' lang='lat' dir='ltr'><strong>cum</strong></span> <span class='ocrx_word' id='word_1_95' title='bbox 1501 2210 1728 2305; x_wconf 70' lang='lat' dir='ltr'><strong>duplicaturi</strong></span> <span class='ocrx_word' id='word_1_96' title='bbox 1743 2232 1792 2280; x_wconf 88' lang='lat' dir='ltr'><strong>ex</strong></span> 
     </span>
     <span class='ocr_line' id='line_1_13' title="bbox 458 2320 1793 2420; baseline -0.003 -23"><span class='ocrx_word' id='word_1_97' title='bbox 458 2324 563 2397; x_wconf 83' lang='lat' dir='ltr'><strong>viridi</strong></span> <span class='ocrx_word' id='word_1_98' title='bbox 589 2321 677 2396; x_wconf 82' lang='lat' dir='ltr'><strong>bill&#39;o</strong></span> <span class='ocrx_word' id='word_1_99' title='bbox 694 2346 778 2395; x_wconf 89' lang='lat' dir='ltr'><strong>oum</strong></span> <span class='ocrx_word' id='word_1_100' title='bbox 803 2324 911 2397; x_wconf 74' lang='lat' dir='ltr'><strong>umis</strong></span> <span class='ocrx_word' id='word_1_101' title='bbox 932 2323 1018 2395; x_wconf 74' lang='lat' dir='ltr'><strong>dici</strong></span> <span class='ocrx_word' id='word_1_102' title='bbox 1044 2320 1193 2395; x_wconf 91' lang='lat' dir='ltr'><strong>Domini</strong></span> <span class='ocrx_word' id='word_1_103' title='bbox 1210 2320 1368 2418; x_wconf 83' lang='lat' dir='ltr'><strong>episcopi</strong></span> <span class='ocrx_word' id='word_1_104' title='bbox 1392 2322 1547 2420; x_wconf 89' lang='lat' dir='ltr'><strong>globulis</strong></span> <span class='ocrx_word' id='word_1_105' title='bbox 1563 2320 1729 2395; x_wconf 86' lang='lat' dir='ltr'><strong>similiter</strong></span> <span class='ocrx_word' id='word_1_106' title='bbox 1743 2345 1793 2393; x_wconf 87' lang='lat' dir='ltr'><strong>ex</strong></span> 
     </span>
     <span class='ocr_line' id='line_1_14' title="bbox 458 2430 1081 2509; baseline -0.003 0"><span class='ocrx_word' id='word_1_107' title='bbox 458 2460 545 2509; x_wconf 89' lang='lat' dir='ltr'><strong>auro</strong></span> <span class='ocrx_word' id='word_1_108' title='bbox 563 2445 602 2509; x_wconf 92' lang='lat' dir='ltr'><strong>et</strong></span> <span class='ocrx_word' id='word_1_109' title='bbox 618 2430 707 2507; x_wconf 82' lang='lat' dir='ltr'><strong>bisso</strong></span> <span class='ocrx_word' id='word_1_110' title='bbox 724 2446 765 2507; x_wconf 81' lang='lat' dir='ltr'><strong>vt</strong></span> <span class='ocrx_word' id='word_1_111' title='bbox 781 2436 887 2509; x_wconf 84' lang='lat' dir='ltr'><strong>decet</strong></span> <span class='ocrx_word' id='word_1_112' title='bbox 899 2431 1081 2507; x_wconf 89' lang='lat' dir='ltr'><strong>honestis·</strong></span> 
     </span>
    </p>

    <p class='ocr_par' dir='ltr' id='par_1_5' title="bbox 458 2546 1796 2844">
     <span class='ocr_line' id='line_1_15' title="bbox 509 2546 1794 2643; baseline -0.003 -23"><span class='ocrx_word' id='word_1_113' title='bbox 509 2546 607 2620; x_wconf 85' lang='lat' dir='ltr'><strong>Item</strong></span> <span class='ocrx_word' id='word_1_114' title='bbox 620 2546 879 2643; x_wconf 89' lang='lat' dir='ltr'><strong>antependium</strong></span> <span class='ocrx_word' id='word_1_115' title='bbox 892 2548 1014 2643; x_wconf 88' lang='lat' dir='ltr'><strong>magni</strong></span> <span class='ocrx_word' id='word_1_116' title='bbox 1028 2546 1153 2619; x_wconf 86' lang='lat' dir='ltr'><strong>altaris</strong></span> <span class='ocrx_word' id='word_1_117' title='bbox 1166 2568 1213 2619; x_wconf 87' lang='lat' dir='ltr'><strong>ex</strong></span> <span class='ocrx_word' id='word_1_118' title='bbox 1225 2546 1301 2620; x_wconf 82' lang='lat' dir='ltr'><strong>tela</strong></span> <span class='ocrx_word' id='word_1_119' title='bbox 1313 2569 1422 2620; x_wconf 88' lang='lat' dir='ltr'><strong>aurea</strong></span> <span class='ocrx_word' id='word_1_120' title='bbox 1433 2546 1563 2619; x_wconf 88' lang='lat' dir='ltr'><strong>coloris</strong></span> <span class='ocrx_word' id='word_1_121' title='bbox 1575 2546 1699 2618; x_wconf 76' lang='lat' dir='ltr'><strong>viridis</strong></span> <span class='ocrx_word' id='word_1_122' title='bbox 1708 2568 1794 2617; x_wconf 91' lang='lat' dir='ltr'><strong>cum</strong></span> 
     </span>
     <span class='ocr_line' id='line_1_16' title="bbox 458 2656 1796 2756; baseline -0.002 -24"><span class='ocrx_word' id='word_1_123' title='bbox 458 2662 566 2732; x_wconf 89' lang='lat' dir='ltr'><strong>armis</strong></span> <span class='ocrx_word' id='word_1_124' title='bbox 588 2658 747 2733; x_wconf 90' lang='lat' dir='ltr'><strong>eiusdem</strong></span> <span class='ocrx_word' id='word_1_125' title='bbox 771 2660 908 2731; x_wconf 84' lang='lat' dir='ltr'><strong>domiui</strong></span> <span class='ocrx_word' id='word_1_126' title='bbox 926 2658 1082 2756; x_wconf 77' lang='lat' dir='ltr'><strong>episcopi</strong></span> <span class='ocrx_word' id='word_1_127' title='bbox 1093 2660 1207 2732; x_wconf 81' lang='lat' dir='ltr'><strong>forma</strong></span> <span class='ocrx_word' id='word_1_128' title='bbox 1222 2660 1368 2754; x_wconf 88' lang='lat' dir='ltr'><strong>egregia</strong></span> <span class='ocrx_word' id='word_1_129' title='bbox 1384 2658 1599 2732; x_wconf 82' lang='lat' dir='ltr'><strong>fabricatum</strong></span> <span class='ocrx_word' id='word_1_130' title='bbox 1615 2658 1661 2730; x_wconf 91' lang='lat' dir='ltr'><strong>cd</strong></span> <span class='ocrx_word' id='word_1_131' title='bbox 1678 2656 1796 2752; x_wconf 89' lang='lat' dir='ltr'><strong>longi·</strong></span> 
     </span>
     <span class='ocr_line' id='line_1_17' title="bbox 459 2770 894 2844; baseline 0 -1"><span class='ocrx_word' id='word_1_132' title='bbox 459 2772 624 2844; x_wconf 80' lang='lat' dir='ltr'><strong>tudinem</strong></span> <span class='ocrx_word' id='word_1_133' title='bbox 641 2771 727 2844; x_wconf 72' lang='lat' dir='ltr'><strong>disti</strong></span> <span class='ocrx_word' id='word_1_134' title='bbox 744 2770 867 2844; x_wconf 84' lang='lat' dir='ltr'><strong>eltarIs</strong></span> <span class='ocrx_word' id='word_1_135' title='bbox 885 2810 894 2831; x_wconf 90' lang='lat'><strong>·</strong></span> 
     </span>
    </p>

    <p class='ocr_par' dir='ltr' id='par_1_6' title="bbox 459 2880 1796 3204">
     <span class='ocr_line' id='line_1_18' title="bbox 509 2880 1796 2978; baseline -0.004 -22"><span class='ocrx_word' id='word_1_136' title='bbox 509 2884 605 2957; x_wconf 88' lang='lat' dir='ltr'><strong>Item</strong></span> <span class='ocrx_word' id='word_1_137' title='bbox 623 2885 747 2958; x_wconf 90' lang='lat' dir='ltr'><strong>tunica</strong></span> <span class='ocrx_word' id='word_1_138' title='bbox 764 2893 803 2956; x_wconf 92' lang='lat' dir='ltr'><strong>et</strong></span> <span class='ocrx_word' id='word_1_139' title='bbox 813 2883 1008 2957; x_wconf 87' lang='lat' dir='ltr'><strong>dalmatico</strong></span> <span class='ocrx_word' id='word_1_140' title='bbox 1024 2906 1070 2955; x_wconf 88' lang='lat' dir='ltr'><strong>ex</strong></span> <span class='ocrx_word' id='word_1_141' title='bbox 1087 2880 1322 2977; x_wconf 86' lang='lat' dir='ltr'><strong>tolapulcbra</strong></span> <span class='ocrx_word' id='word_1_142' title='bbox 1337 2880 1434 2955; x_wconf 85' lang='lat' dir='ltr'><strong>floris</strong></span> <span class='ocrx_word' id='word_1_143' title='bbox 1450 2882 1610 2978; x_wconf 87' lang='lat' dir='ltr'><strong>palmata</strong></span> <span class='ocrx_word' id='word_1_144' title='bbox 1625 2905 1690 2976; x_wconf 88' lang='lat' dir='ltr'><strong>pro</strong></span> <span class='ocrx_word' id='word_1_145' title='bbox 1706 2902 1796 2974; x_wconf 88' lang='lat' dir='ltr'><strong>pon·</strong></span> 
     </span>
     <span class='ocr_line' id='line_1_19' title="bbox 459 2988 1796 3090; baseline -0.006 -21"><span class='ocrx_word' id='word_1_146' title='bbox 459 2996 557 3069; x_wconf 87' lang='lat' dir='ltr'><strong>tilice</strong></span> <span class='ocrx_word' id='word_1_147' title='bbox 573 3020 658 3068; x_wconf 89' lang='lat' dir='ltr'><strong>cum</strong></span> <span class='ocrx_word' id='word_1_148' title='bbox 673 2992 880 3069; x_wconf 85' lang='lat' dir='ltr'><strong>solemniter</strong></span> <span class='ocrx_word' id='word_1_149' title='bbox 897 2995 1056 3068; x_wconf 87' lang='lat' dir='ltr'><strong>celebrat</strong></span> <span class='ocrx_word' id='word_1_150' title='bbox 1069 3016 1223 3068; x_wconf 85' lang='lat' dir='ltr'><strong>vnacum</strong></span> <span class='ocrx_word' id='word_1_151' title='bbox 1240 2992 1445 3068; x_wconf 86' lang='lat' dir='ltr'><strong>sandalibus</strong></span> <span class='ocrx_word' id='word_1_152' title='bbox 1469 3018 1517 3067; x_wconf 88' lang='lat' dir='ltr'><strong>ex</strong></span> <span class='ocrx_word' id='word_1_153' title='bbox 1532 3018 1620 3068; x_wconf 87' lang='lat' dir='ltr'><strong>auro</strong></span> <span class='ocrx_word' id='word_1_154' title='bbox 1631 2988 1796 3090; x_wconf 85' lang='lat' dir='ltr'><strong>pretiosis</strong></span> 
     </span>
     <span class='ocr_line' id='line_1_20' title="bbox 459 3101 1571 3204; baseline 0.002 -25"><span class='ocrx_word' id='word_1_155' title='bbox 459 3108 659 3204; x_wconf 76' lang='lat' dir='ltr'><strong>supradidto</strong></span> <span class='ocrx_word' id='word_1_156' title='bbox 676 3130 757 3181; x_wconf 91' lang='lat' dir='ltr'><strong>cum</strong></span> <span class='ocrx_word' id='word_1_157' title='bbox 775 3108 900 3203; x_wconf 86' lang='lat' dir='ltr'><strong>caligis</strong></span> <span class='ocrx_word' id='word_1_158' title='bbox 915 3108 1017 3179; x_wconf 86' lang='lat' dir='ltr'><strong>rubei</strong></span> <span class='ocrx_word' id='word_1_159' title='bbox 1030 3106 1159 3181; x_wconf 86' lang='lat' dir='ltr'><strong>coloris</strong></span> <span class='ocrx_word' id='word_1_160' title='bbox 1175 3101 1300 3203; x_wconf 83' lang='lat' dir='ltr'><strong>oerosrj</strong></span> <span class='ocrx_word' id='word_1_161' title='bbox 1319 3117 1426 3201; x_wconf 91' lang='lat' dir='ltr'><strong>prout</strong></span> <span class='ocrx_word' id='word_1_162' title='bbox 1438 3108 1571 3181; x_wconf 86' lang='lat' dir='ltr'><strong>decet·</strong></span> 
     </span>
    </p>

    <p class='ocr_par' dir='ltr' id='par_1_7' title="bbox 405 3215 1796 3517">
     <span class='ocr_line' id='line_1_21' title="bbox 503 3215 1795 3315; baseline -0.002 -26"><span class='ocrx_word' id='word_1_163' title='bbox 503 3218 599 3293; x_wconf 89' lang='lat' dir='ltr'><strong>Item</strong></span> <span class='ocrx_word' id='word_1_164' title='bbox 609 3215 701 3291; x_wconf 88' lang='lat' dir='ltr'><strong>stola</strong></span> <span class='ocrx_word' id='word_1_165' title='bbox 712 3220 857 3315; x_wconf 89' lang='lat' dir='ltr'><strong>egregia</strong></span> <span class='ocrx_word' id='word_1_166' title='bbox 869 3242 933 3312; x_wconf 89' lang='lat' dir='ltr'><strong>pro</strong></span> <span class='ocrx_word' id='word_1_167' title='bbox 943 3220 1116 3315; x_wconf 87' lang='lat' dir='ltr'><strong>pontifice</strong></span> <span class='ocrx_word' id='word_1_168' title='bbox 1128 3242 1175 3291; x_wconf 93' lang='lat' dir='ltr'><strong>ex</strong></span> <span class='ocrx_word' id='word_1_169' title='bbox 1188 3215 1277 3292; x_wconf 86' lang='lat' dir='ltr'><strong>bisso</strong></span> <span class='ocrx_word' id='word_1_170' title='bbox 1287 3217 1413 3292; x_wconf 81' lang='lat' dir='ltr'><strong>villosa</strong></span> <span class='ocrx_word' id='word_1_171' title='bbox 1425 3220 1559 3293; x_wconf 88' lang='lat' dir='ltr'><strong>cerulei</strong></span> <span class='ocrx_word' id='word_1_172' title='bbox 1572 3218 1701 3292; x_wconf 86' lang='lat' dir='ltr'><strong>coloris</strong></span> <span class='ocrx_word' id='word_1_173' title='bbox 1711 3239 1795 3289; x_wconf 91' lang='lat' dir='ltr'><strong>cum</strong></span> 
     </span>
     <span class='ocr_line' id='line_1_22' title="bbox 405 3329 1796 3427; baseline -0.002 -25"><span class='ocrx_word' id='word_1_174' title='bbox 405 3350 410 3359; x_wconf 89' lang='lat'><strong>·</strong></span> <span class='ocrx_word' id='word_1_175' title='bbox 460 3332 585 3405; x_wconf 85' lang='lat' dir='ltr'><strong>decem</strong></span> <span class='ocrx_word' id='word_1_176' title='bbox 603 3332 742 3427; x_wconf 87' lang='lat' dir='ltr'><strong>magnis</strong></span> <span class='ocrx_word' id='word_1_177' title='bbox 758 3329 915 3427; x_wconf 78' lang='lat' dir='ltr'><strong>globulis</strong></span> <span class='ocrx_word' id='word_1_178' title='bbox 931 3353 978 3403; x_wconf 88' lang='lat' dir='ltr'><strong>ex</strong></span> <span class='ocrx_word' id='word_1_179' title='bbox 995 3354 1181 3404; x_wconf 83' lang='lat' dir='ltr'><strong>aurorum</strong></span> <span class='ocrx_word' id='word_1_180' title='bbox 1196 3333 1362 3426; x_wconf 86' lang='lat' dir='ltr'><strong>pontifex</strong></span> <span class='ocrx_word' id='word_1_181' title='bbox 1378 3333 1571 3427; x_wconf 85' lang='lat' dir='ltr'><strong>exequitur</strong></span> <span class='ocrx_word' id='word_1_182' title='bbox 1583 3332 1739 3405; x_wconf 83' lang='lat' dir='ltr'><strong>officium</strong></span> <span class='ocrx_word' id='word_1_183' title='bbox 1757 3331 1796 3400; x_wconf 90' lang='lat' dir='ltr'><strong>in</strong></span> 
     </span>
     <span class='ocr_line' id='line_1_23' title="bbox 461 3438 1453 3517; baseline 0.003 -4"><span class='ocrx_word' id='word_1_184' title='bbox 461 3440 732 3516; x_wconf 89' lang='lat' dir='ltr'><strong>solemnioribus</strong></span> <span class='ocrx_word' id='word_1_185' title='bbox 749 3438 846 3515; x_wconf 84' lang='lat' dir='ltr'><strong>sestis</strong></span> <span class='ocrx_word' id='word_1_186' title='bbox 863 3464 946 3514; x_wconf 92' lang='lat' dir='ltr'><strong>cum</strong></span> <span class='ocrx_word' id='word_1_187' title='bbox 960 3444 1068 3515; x_wconf 89' lang='lat' dir='ltr'><strong>armis</strong></span> <span class='ocrx_word' id='word_1_188' title='bbox 1085 3453 1124 3516; x_wconf 92' lang='lat' dir='ltr'><strong>et</strong></span> <span class='ocrx_word' id='word_1_189' title='bbox 1141 3444 1251 3516; x_wconf 86' lang='lat' dir='ltr'><strong>verbo</strong></span> <span class='ocrx_word' id='word_1_190' title='bbox 1267 3440 1427 3517; x_wconf 84' lang='lat' dir='ltr'><strong>eiusdem</strong></span> <span class='ocrx_word' id='word_1_191' title='bbox 1444 3486 1453 3503; x_wconf 91' lang='lat'><strong>·</strong></span> 
     </span>
    </p>

    <p class='ocr_par' dir='ltr' id='par_1_8' title="bbox 460 3552 1798 4413">
     <span class='ocr_line' id='line_1_24' title="bbox 510 3552 1796 3652; baseline -0.002 -27"><span class='ocrx_word' id='word_1_192' title='bbox 510 3554 605 3627; x_wconf 90' lang='lat' dir='ltr'><strong>Item</strong></span> <span class='ocrx_word' id='word_1_193' title='bbox 625 3553 789 3627; x_wconf 87' lang='lat' dir='ltr'><strong>velamen</strong></span> <span class='ocrx_word' id='word_1_194' title='bbox 812 3554 1023 3628; x_wconf 83' lang='lat' dir='ltr'><strong>honorabile</strong></span> <span class='ocrx_word' id='word_1_195' title='bbox 1045 3555 1326 3652; x_wconf 84' lang='lat' dir='ltr'><strong>etmagnificum</strong></span> <span class='ocrx_word' id='word_1_196' title='bbox 1347 3580 1393 3629; x_wconf 89' lang='lat' dir='ltr'><strong>ex</strong></span> <span class='ocrx_word' id='word_1_197' title='bbox 1411 3552 1498 3629; x_wconf 87' lang='lat' dir='ltr'><strong>bisso</strong></span> <span class='ocrx_word' id='word_1_198' title='bbox 1514 3556 1638 3630; x_wconf 83' lang='lat' dir='ltr'><strong>villosa</strong></span> <span class='ocrx_word' id='word_1_199' title='bbox 1661 3553 1796 3627; x_wconf 88' lang='lat' dir='ltr'><strong>cerulei</strong></span> 
     </span>
     <span class='ocr_line' id='line_1_25' title="bbox 461 3660 1798 3762; baseline -0.001 -23"><span class='ocrx_word' id='word_1_200' title='bbox 461 3666 589 3739; x_wconf 90' lang='lat' dir='ltr'><strong>coloris</strong></span> <span class='ocrx_word' id='word_1_201' title='bbox 600 3688 682 3739; x_wconf 90' lang='lat' dir='ltr'><strong>cum</strong></span> <span class='ocrx_word' id='word_1_202' title='bbox 697 3660 951 3740; x_wconf 84' lang='lat' dir='ltr'><strong>decentiffimIs</strong></span> <span class='ocrx_word' id='word_1_203' title='bbox 963 3668 1113 3762; x_wconf 75' lang='lat' dir='ltr'><strong>picturis</strong></span> <span class='ocrx_word' id='word_1_204' title='bbox 1125 3690 1173 3740; x_wconf 88' lang='lat' dir='ltr'><strong>ex</strong></span> <span class='ocrx_word' id='word_1_205' title='bbox 1186 3690 1275 3741; x_wconf 86' lang='lat' dir='ltr'><strong>auro</strong></span> <span class='ocrx_word' id='word_1_206' title='bbox 1292 3671 1474 3742; x_wconf 77' lang='lat' dir='ltr'><strong>contextis</strong></span> <span class='ocrx_word' id='word_1_207' title='bbox 1490 3692 1644 3743; x_wconf 86' lang='lat' dir='ltr'><strong>rnacum</strong></span> <span class='ocrx_word' id='word_1_208' title='bbox 1660 3662 1798 3739; x_wconf 66' lang='lat' dir='ltr'><strong>sullan-</strong></span> 
     </span>
     <span class='ocr_line' id='line_1_26' title="bbox 460 3772 1797 3875; baseline -0.003 -24"><span class='ocrx_word' id='word_1_209' title='bbox 460 3776 591 3851; x_wconf 87' lang='lat' dir='ltr'><strong>taculis</strong></span> <span class='ocrx_word' id='word_1_210' title='bbox 616 3777 744 3874; x_wconf 77' lang='lat' dir='ltr'><strong>ligneis</strong></span> <span class='ocrx_word' id='word_1_211' title='bbox 769 3789 807 3851; x_wconf 90' lang='lat' dir='ltr'><strong>et</strong></span> <span class='ocrx_word' id='word_1_212' title='bbox 832 3779 970 3852; x_wconf 90' lang='lat' dir='ltr'><strong>baculis</strong></span> <span class='ocrx_word' id='word_1_213' title='bbox 996 3802 1104 3873; x_wconf 89' lang='lat' dir='ltr'><strong>quam</strong></span> <span class='ocrx_word' id='word_1_214' title='bbox 1131 3781 1329 3854; x_wconf 87' lang='lat' dir='ltr'><strong>honorilice</strong></span> <span class='ocrx_word' id='word_1_215' title='bbox 1354 3782 1505 3875; x_wconf 80' lang='lat' dir='ltr'><strong>depidiia</strong></span> <span class='ocrx_word' id='word_1_216' title='bbox 1527 3804 1610 3855; x_wconf 93' lang='lat' dir='ltr'><strong>cum</strong></span> <span class='ocrx_word' id='word_1_217' title='bbox 1637 3772 1797 3853; x_wconf 84' lang='lat' dir='ltr'><strong>honestis</strong></span> 
     </span>
     <span class='ocr_line' id='line_1_27' title="bbox 461 3888 1798 3989; baseline 0 -26"><span class='ocrx_word' id='word_1_218' title='bbox 461 3890 623 3963; x_wconf 81' lang='lat' dir='ltr'><strong>clunibus</strong></span> <span class='ocrx_word' id='word_1_219' title='bbox 640 3890 764 3963; x_wconf 85' lang='lat' dir='ltr'><strong>ferreis</strong></span> <span class='ocrx_word' id='word_1_220' title='bbox 780 3892 825 3963; x_wconf 89' lang='lat' dir='ltr'><strong>ad</strong></span> <span class='ocrx_word' id='word_1_221' title='bbox 837 3892 1065 3989; x_wconf 89' lang='lat' dir='ltr'><strong>dirigendum</strong></span> <span class='ocrx_word' id='word_1_222' title='bbox 1078 3888 1279 3966; x_wconf 88' lang='lat' dir='ltr'><strong>huiusmodi</strong></span> <span class='ocrx_word' id='word_1_223' title='bbox 1292 3889 1535 3967; x_wconf 86' lang='lat' dir='ltr'><strong>sustentacula</strong></span> <span class='ocrx_word' id='word_1_224' title='bbox 1545 3895 1674 3966; x_wconf 88' lang='lat' dir='ltr'><strong>domus</strong></span> <span class='ocrx_word' id='word_1_225' title='bbox 1684 3890 1798 3964; x_wconf 79' lang='lat' dir='ltr'><strong>sacra·</strong></span> 
     </span>
     <span class='ocr_line' id='line_1_28' title="bbox 460 4002 1797 4099; baseline 0 -26"><span class='ocrx_word' id='word_1_226' title='bbox 460 4004 576 4075; x_wconf 88' lang='lat' dir='ltr'><strong>menti</strong></span> <span class='ocrx_word' id='word_1_227' title='bbox 594 4025 676 4074; x_wconf 90' lang='lat' dir='ltr'><strong>cum</strong></span> <span class='ocrx_word' id='word_1_228' title='bbox 700 4002 856 4099; x_wconf 88' lang='lat' dir='ltr'><strong>globulis</strong></span> <span class='ocrx_word' id='word_1_229' title='bbox 873 4028 959 4077; x_wconf 87' lang='lat' dir='ltr'><strong>auro</strong></span> <span class='ocrx_word' id='word_1_230' title='bbox 977 4005 1154 4077; x_wconf 87' lang='lat' dir='ltr'><strong>decoratis</strong></span> <span class='ocrx_word' id='word_1_231' title='bbox 1170 4028 1254 4078; x_wconf 88' lang='lat' dir='ltr'><strong>cum</strong></span> <span class='ocrx_word' id='word_1_232' title='bbox 1270 4002 1393 4077; x_wconf 89' lang='lat' dir='ltr'><strong>mensa</strong></span> <span class='ocrx_word' id='word_1_233' title='bbox 1414 4007 1459 4077; x_wconf 87' lang='lat' dir='ltr'><strong>ad</strong></span> <span class='ocrx_word' id='word_1_234' title='bbox 1484 4005 1719 4078; x_wconf 86' lang='lat' dir='ltr'><strong>deserendum</strong></span> <span class='ocrx_word' id='word_1_235' title='bbox 1738 4026 1797 4073; x_wconf 84' lang='lat' dir='ltr'><strong>ve-</strong></span> 
     </span>
     <span class='ocr_line' id='line_1_29' title="bbox 461 4112 1796 4211; baseline -0.001 -25"><span class='ocrx_word' id='word_1_236' title='bbox 461 4115 621 4188; x_wconf 87' lang='lat' dir='ltr'><strong>nerabile</strong></span> <span class='ocrx_word' id='word_1_237' title='bbox 648 4112 909 4188; x_wconf 82' lang='lat' dir='ltr'><strong>sacramentum</strong></span> <span class='ocrx_word' id='word_1_238' title='bbox 934 4138 1017 4188; x_wconf 92' lang='lat' dir='ltr'><strong>cum</strong></span> <span class='ocrx_word' id='word_1_239' title='bbox 1043 4116 1213 4211; x_wconf 88' lang='lat' dir='ltr'><strong>mappula</strong></span> <span class='ocrx_word' id='word_1_240' title='bbox 1239 4127 1277 4189; x_wconf 92' lang='lat' dir='ltr'><strong>et</strong></span> <span class='ocrx_word' id='word_1_241' title='bbox 1301 4118 1519 4211; x_wconf 88' lang='lat' dir='ltr'><strong>antependio</strong></span> <span class='ocrx_word' id='word_1_242' title='bbox 1545 4142 1629 4191; x_wconf 90' lang='lat' dir='ltr'><strong>cum</strong></span> <span class='ocrx_word' id='word_1_243' title='bbox 1662 4117 1796 4189; x_wconf 89' lang='lat' dir='ltr'><strong>litteris</strong></span> 
     </span>
     <span class='ocr_line' id='line_1_30' title="bbox 461 4224 1796 4324; baseline 0.001 -25"><span class='ocrx_word' id='word_1_244' title='bbox 461 4228 579 4299; x_wconf 89' lang='lat' dir='ltr'><strong>aureis</strong></span> <span class='ocrx_word' id='word_1_245' title='bbox 596 4227 765 4300; x_wconf 89' lang='lat' dir='ltr'><strong>decorata</strong></span> <span class='ocrx_word' id='word_1_246' title='bbox 790 4236 828 4301; x_wconf 88' lang='lat' dir='ltr'><strong>et</strong></span> <span class='ocrx_word' id='word_1_247' title='bbox 852 4224 1037 4324; x_wconf 88' lang='lat' dir='ltr'><strong>scripturis</strong></span> <span class='ocrx_word' id='word_1_248' title='bbox 1054 4231 1237 4302; x_wconf 88' lang='lat' dir='ltr'><strong>contextis</strong></span> <span class='ocrx_word' id='word_1_249' title='bbox 1254 4239 1361 4323; x_wconf 89' lang='lat' dir='ltr'><strong>prout</strong></span> <span class='ocrx_word' id='word_1_250' title='bbox 1384 4229 1489 4303; x_wconf 92' lang='lat' dir='ltr'><strong>decet</strong></span> <span class='ocrx_word' id='word_1_251' title='bbox 1507 4230 1631 4303; x_wconf 90' lang='lat' dir='ltr'><strong>domni</strong></span> <span class='ocrx_word' id='word_1_252' title='bbox 1648 4228 1720 4302; x_wconf 87' lang='lat' dir='ltr'><strong>Dei</strong></span> <span class='ocrx_word' id='word_1_253' title='bbox 1743 4230 1796 4300; x_wconf 87' lang='lat' dir='ltr'><strong>in·</strong></span> 
     </span>
     <span class='ocr_line' id='line_1_31' title="bbox 462 4340 846 4413; baseline -0.003 -2"><span class='ocrx_word' id='word_1_254' title='bbox 462 4340 650 4413; x_wconf 87' lang='lat' dir='ltr'><strong>tuentibus</strong></span> <span class='ocrx_word' id='word_1_255' title='bbox 667 4340 819 4412; x_wconf 88' lang='lat' dir='ltr'><strong>eandem</strong></span> <span class='ocrx_word' id='word_1_256' title='bbox 838 4384 846 4400; x_wconf 89' lang='lat'><strong>·</strong></span> 
     </span>
    </p>

    <p class='ocr_par' dir='ltr' id='par_1_9' title="bbox 461 4449 1795 4661">
     <span class='ocr_line' id='line_1_32' title="bbox 492 4449 1795 4549; baseline 0.004 -29"><span class='ocrx_word' id='word_1_257' title='bbox 492 4449 591 4523; x_wconf 85' lang='lat' dir='ltr'><strong>Item</strong></span> <span class='ocrx_word' id='word_1_258' title='bbox 601 4460 756 4545; x_wconf 87' lang='lat' dir='ltr'><strong>quatuor</strong></span> <span class='ocrx_word' id='word_1_259' title='bbox 766 4452 938 4525; x_wconf 78' lang='lat' dir='ltr'><strong>tunicella</strong></span> <span class='ocrx_word' id='word_1_260' title='bbox 949 4475 996 4525; x_wconf 91' lang='lat' dir='ltr'><strong>ex</strong></span> <span class='ocrx_word' id='word_1_261' title='bbox 1007 4450 1126 4527; x_wconf 80' lang='lat' dir='ltr'><strong>sericIs</strong></span> <span class='ocrx_word' id='word_1_262' title='bbox 1136 4476 1199 4546; x_wconf 91' lang='lat' dir='ltr'><strong>pro</strong></span> <span class='ocrx_word' id='word_1_263' title='bbox 1210 4454 1700 4549; x_wconf 85' lang='lat' dir='ltr'><strong>thuriferarijstburibularijs</strong></span> <span class='ocrx_word' id='word_1_264' title='bbox 1711 4478 1795 4528; x_wconf 89' lang='lat' dir='ltr'><strong>curn</strong></span> 
     </span>
     <span class='ocr_line' id='line_1_33' title="bbox 461 4560 1794 4661; baseline 0.004 -27"><span class='ocrx_word' id='word_1_265' title='bbox 461 4570 616 4655; x_wconf 87' lang='lat' dir='ltr'><strong>quatuor</strong></span> <span class='ocrx_word' id='word_1_266' title='bbox 625 4560 715 4634; x_wconf 87' lang='lat' dir='ltr'><strong>albis</strong></span> <span class='ocrx_word' id='word_1_267' title='bbox 726 4570 763 4633; x_wconf 88' lang='lat' dir='ltr'><strong>et</strong></span> <span class='ocrx_word' id='word_1_268' title='bbox 774 4564 912 4635; x_wconf 68' lang='lat' dir='ltr'><strong>amidis</strong></span> <span class='ocrx_word' id='word_1_269' title='bbox 930 4586 1014 4636; x_wconf 92' lang='lat' dir='ltr'><strong>cum</strong></span> <span class='ocrx_word' id='word_1_270' title='bbox 1025 4587 1139 4661; x_wconf 87' lang='lat' dir='ltr'><strong>cappa</strong></span> <span class='ocrx_word' id='word_1_271' title='bbox 1148 4587 1212 4661; x_wconf 90' lang='lat' dir='ltr'><strong>pro</strong></span> <span class='ocrx_word' id='word_1_272' title='bbox 1222 4567 1447 4640; x_wconf 86' lang='lat' dir='ltr'><strong>cruciferario</strong></span> <span class='ocrx_word' id='word_1_273' title='bbox 1464 4590 1511 4641; x_wconf 91' lang='lat' dir='ltr'><strong>ex</strong></span> <span class='ocrx_word' id='word_1_274' title='bbox 1522 4590 1593 4642; x_wconf 86' lang='lat' dir='ltr'><strong>rua</strong></span> <span class='ocrx_word' id='word_1_275' title='bbox 1612 4578 1651 4641; x_wconf 94' lang='lat' dir='ltr'><strong>et</strong></span> <span class='ocrx_word' id='word_1_276' title='bbox 1667 4570 1794 4642; x_wconf 84' lang='lat' dir='ltr'><strong>eadem</strong></span> 
     </span>
    </p>
   </div>
   <div class='ocr_carea' id='block_1_4' title="bbox 0 0 2039 5534">
    <p class='ocr_par' dir='ltr' id='par_1_10' title="bbox 0 0 2039 5534">
     <span class='ocr_line' id='line_1_34' title="bbox 0 0 2039 5534; baseline 0 0"><span class='ocrx_word' id='word_1_277' title='bbox 0 0 2039 5534; x_wconf 95' lang='lat' dir='ltr'><strong> </strong></span> 
     </span>
    </p>
   </div>
  </div>
 </body>
</html>
