4050 5534
248 641 332 737 η]
721 641 1126 718 nnunnouaiisn.
1539 659 1586 729 ui

702 842 923 939 Subscriptio
940 841 1104 939 Episcopi
1123 885 1132 903 ·

249 954 327 1027 Nos
343 954 500 1028 Thomas
525 954 710 1051 episcopus
728 954 996 1030 Aberdonenlis
1022 953 1256 1053 suprascripta
1281 958 1417 1034 statuta
1441 973 1480 1035 et
1505 987 1589 1036 con-

246 1065 417 1142 ceffiones
440 1068 629 1142 laudamus
650 1071 888 1164 approbamus
913 1081 953 1142 et
977 1069 1196 1143 ratificamus
1219 1069 1416 1146 seeundum
1443 1099 1586 1149 omnem

246 1181 398 1256 sormam
414 1191 454 1254 et
470 1183 735 1253 continentiam
751 1182 961 1254 eorumdem
979 1204 1090 1254 manu
1107 1186 1249 1279 propria
1265 1195 1324 1258 etc
1342 1227 1350 1246 ·
1425 1183 1427 1186 ’

711 1404 933 1500 Subscriptio
952 1406 1096 1502 Notarij
1115 1448 1123 1465 ·

245 1519 295 1591 Ilt
312 1519 393 1616 Ego
408 1519 565 1592 Thomas
581 1517 707 1591 Ettale
725 1515 898 1612 presbiter
913 1515 1182 1593 Aberdonensis
1200 1533 1259 1595 ete
1277 1565 1286 1581 ·

657 1740 879 1837 Subscriptio
896 1747 1149 1816 canonicorum
1167 1787 1175 1804 ·

243 1857 323 1953 Ego
341 1857 517 1931 Ricardus
535 1856 669 1928 Fcrbes
686 1858 844 1928 decanus
860 1852 1040 1929 subscribo
1057 1896 1066 1914 ·

242 1971 294 2041 Et
311 1969 391 2066 Ego
409 1969 609 2041 Duncanus
622 1969 812 2062 Lycbtone
829 1968 1065 2042 cancellarius
1082 1968 1287 2044 subscribo·

241 2083 293 2153 Et
310 2081 391 2177 Ego
408 2080 574 2153 Andreas
592 2080 696 2175 Lycii
714 2079 954 2152 thesaurarius
969 2081 1149 2155 subscribo
1166 2125 1176 2143 ·
1225 2105 1233 2124 ‘

241 2195 292 2266 Et
310 2195 390 2290 Ego
408 2193 627 2266 Laurentius
645 2193 740 2286 Pyot
756 2194 1027 2266 archidiaconus
1044 2194 1222 2268 liibscribo
1241 2239 1249 2255 ·
1345 2205 1364 2256 Ι

241 2308 292 2379 Et
310 2308 389 2402 Ego
406 2307 562 2378 Thomas
579 2305 791 2400 Eddenaym
806 2307 1064 2400 prebendarius
1081 2305 1259 2380 subscribo
1277 2351 1285 2368 ·

242 2420 293 2492 Et
310 2420 390 2516 Ego
407 2419 619 2494 Alexander
636 2414 772 2490 Wauss
779 2419 1036 2511 prebendarius
1054 2421 1099 2491 de
1118 2420 1285 2496 Murtble
1303 2422 1482 2498 subscribo
1500 2468 1508 2484 ·

242 2533 293 2604 Et
304 2534 382 2629 Ego
395 2531 617 2606 Farcbardus
627 2532 673 2602 de
683 2529 816 2602 Caldor
825 2532 1082 2625 prebendarius
1093 2533 1138 2605 de
1149 2533 1369 2608 Grecbmont
1382 2535 1581 2612 subscribo·

243 2646 293 2718 Et
310 2646 389 2741 Ego
407 2645 595 2718 Walterus
612 2642 809 2715 Foulartcn
826 2645 1084 2738 prebendarius
1101 2646 1147 2717 de
1160 2646 1344 2721 Codilstan
1361 2647 1541 2724 subscribo
1558 2693 1566 2709 ·

244 2759 292 2830 Et
310 2759 389 2854 Ego
406 2753 822 2850 Alexander-Lyncesay
838 2757 1094 2850 prebendarius
1112 2759 1157 2830 de
1175 2757 1343 2832 Balbelui
1360 2761 1540 2836 subscribo
1557 2805 1565 2822 ·

242 3097 300 3170 De
316 3093 543 3192 suspensione
560 3093 680 3166 Dauid
699 3093 840 3165 Prowdi
859 3133 867 3150 ·

239 3301 349 3395 Aea
389 3316 556 3392 vicesimo
590 3321 649 3392 die
687 3317 777 3413 Julij
812 3343 907 3390 anno
944 3318 1106 3414 [nocco]
1151 3320 1215 3415 lxij
1250 3345 1370 3395 corani
1413 3324 1581 3421 magistro

238 3435 422 3508 Richardo
446 3435 493 3506 de
510 3432 647 3505 Forbes
671 3431 807 3504 decano
831 3426 1080 3504 Aberdonenli
1106 3456 1148 3505 ac
1174 3437 1306 3506 vicario
1323 3438 1483 3530 generali
1501 3462 1581 3510 reu·

237 3549 363 3622 erendi
382 3549 496 3642 patris
520 3547 656 3617 domini
681 3543 820 3616 Thonie
844 3541 1000 3639 episcopi
1025 3543 1294 3619 Aberdonensis
1318 3571 1383 3641 pro
1409 3551 1579 3623 tribunali

235 3663 386 3734 sedente
403 3660 442 3731 in
459 3659 566 3730 domo
583 3657 771 3751 capitulari
789 3654 991 3729 Aberdonsi
1009 3699 1018 3715 ·

236 3775 318 3870 Ego
337 3772 559 3844 Laurencius
584 3770 679 3865 Pyot
702 3769 960 3842 archdiaconus
976 3768 1244 3872 Aberdonensis
1261 3774 1377 3844 fateor
1397 3785 1435 3846 et
1458 3799 1580 3872 recog-

235 3886 345 3959 nosco
370 3885 495 3956 literas
510 3884 722 3956 monitorias
745 3907 811 3977 per
834 3905 895 3954 me
920 3883 1072 3955 directas
1098 3893 1225 3956 contra
1250 3885 1435 3957 dominum
1466 3888 1578 3960 Dauit

235 3999 379 4072 Prcwdi
407 3999 582 4068 rectorem
608 3996 653 4067 de
680 3994 752 4089 Tyr
774 4007 814 4067 et
839 4017 936 4066 nunc
959 3993 1222 4067 deseruientem
1240 3999 1277 4067 in
1296 3999 1404 4070 choro
1430 3998 1578 4073 ecclesie

233 4109 453 4185 cathedralis
469 4102 739 4180 Aberdonensis
763 4105 829 4179 sub
849 4108 953 4200 penis
969 4104 1204 4201 suspensionis
1222 4111 1267 4181 ab
1285 4107 1438 4206 ingressu
1465 4115 1578 4186 eccle-

233 4223 285 4296 sie
311 4234 351 4295 et
376 4218 611 4316 suspensionis
637 4221 681 4292 ad
705 4222 826 4292 minus
851 4217 1036 4292 sentencie
1053 4218 1127 4291 late
1145 4231 1183 4292 et
1201 4223 1322 4293 omnia
1345 4224 1430 4296 inde
1456 4225 1578 4298 secuta

231 4359 380 4409 necnon
404 4345 444 4406 et
467 4327 730 4426 suspensionem
765 4334 896 4405 faciam
929 4343 969 4403 et
1000 4330 1209 4425 inscriptam
1242 4334 1504 4430 promulgatam
1532 4341 1577 4411 de

231 4463 272 4522 et
299 4449 407 4542 super
430 4446 576 4517 domino
601 4443 743 4516 Thema
767 4442 899 4516 Brown
925 4446 1056 4517 vicario
1082 4445 1128 4517 de
1154 4444 1326 4519 Prameth
1350 4449 1427 4521 sore
1452 4463 1490 4522 et
1508 4449 1578 4524 esse

230 4561 338 4634 nulla
365 4555 571 4649 nulliusque
597 4557 733 4630 roboris
751 4557 807 4629 rel
831 4558 1006 4630 momenti
1032 4579 1078 4629 ex
1106 4559 1213 4630 certis
1238 4557 1350 4632 caulis
1376 4585 1440 4654 per
1465 4565 1578 4636 domi-
