4050 5534
431 657 499 723 148
945 646 1254 721 REGISTRUM
1620 644 1772 739 [ancum

481 850 555 921 rale
566 873 648 921 oum
662 849 697 919 le
711 846 788 921 ease
802 890 810 905 ·
826 850 897 919 duo
911 847 1091 943 mappalia
1100 870 1182 919 cum
1198 870 1267 917 vno
1278 844 1424 917 frontali
1435 844 1481 917 de
1492 845 1626 918 weluat
1639 846 1772 917 mbeo·

482 964 553 1033 due
566 962 647 1035 albe
666 1002 673 1019 ·
693 985 764 1032 vna
781 960 899 1033 casula
917 962 962 1031 do
979 961 1093 1032 burda
1105 959 1301 1033 alexandro
1320 1000 1328 1015 ·
1346 980 1419 1031 vna
1429 954 1521 1030 stola
1533 999 1542 1015 ·
1556 982 1649 1029 vnua
1660 960 1773 1030 mani-

482 1076 588 1168 pulus
599 1098 708 1146 vnum
723 1074 892 1168 puluinar
903 1076 949 1145 de
962 1070 1089 1144 worset
1105 1072 1210 1142 viridi
1225 1112 1233 1128 ·
1249 1094 1340 1141 vnua
1353 1094 1494 1164 pannus
1511 1093 1576 1162 pro
1588 1070 1774 1143 conserua·

482 1190 585 1259 eione
602 1186 821 1280 mappelium
837 1185 970 1258 maele
988 1210 1053 1280 pro
1070 1181 1348 1256 conseruacione
1365 1184 1486 1255 calicis
1498 1222 1507 1239 ·
1521 1182 1772 1277 dueamiite]

795 1524 875 1594 Pno
896 1544 1031 1594 nonam
1052 1544 1174 1593 anina
1192 1521 1427 1593 Klnumna·

434 1752 559 1825 Vnum
579 1748 833 1821 vestimentum
853 1750 897 1819 de
915 1746 1027 1820 serioo
1044 1748 1127 1819 albo
1143 1770 1227 1819 oum
1252 1746 1399 1820 fronteli
1417 1790 1425 1805 ·
1446 1746 1572 1820 Vnum
1591 1750 1775 1843 corporale

482 1888 563 1935 cum
584 1861 703 1935 casula
720 1874 758 1935 et
777 1862 858 1933 alba
875 1883 958 1932 eum
977 1862 1109 1931 ceteris
1126 1860 1239 1954 peeija
1256 1900 1264 1916 ·

783 2200 863 2273 Pno
883 2220 1019 2269 anunm
1038 2218 1182 2269 stucnn
1199 2198 1436 2269 Kt'rnmun·

434 2427 584 2501 Constat
619 2451 664 2499 ex
700 2428 895 2498 donatione
931 2425 1147 2496 venerabilis
1181 2426 1246 2494 viri
1277 2421 1436 2520 magistri
1467 2426 1645 2499 Johaunis
1675 2426 1775 2499 Clatt

484 2542 646 2613 canonici
664 2535 925 2610 Abirdonenfis
941 2538 987 2610 ad
1005 2537 1102 2609 idem
1119 2536 1233 2608 altare
1251 2577 1259 2594 ·

435 2651 479 2724 ln
509 2654 633 2746 primis
662 2649 831 2722 videlieet
857 2673 967 2721 vnum
994 2650 1268 2722 tabernaculum
1299 2646 1472 2723 situatum
1500 2651 1651 2748 desuper
1679 2655 1775 2725 idem

484 2766 598 2842 altore
615 2774 653 2836 et
671 2766 814 2835 ornauit
838 2763 934 2833 idem
961 2758 1109 2834 diuersis
1129 2762 1278 2855 pitture
1304 2764 1393 2858 varij
1418 2764 1547 2837 eoloris
1572 2788 1657 2839 eum
1681 2766 1776 2838 elau-

484 2876 564 2949 sura
585 2874 786 2948 extrinseca
803 2914 811 2931 ·
830 2898 971 2945 necnon
990 2885 1029 2945 et
1046 2864 1173 2946 multis
1190 2874 1268 2968 alijs
1286 2879 1509 2948 ornamentis
1534 2878 1654 2949 eidem
1672 2879 1775 2949 altari

485 2986 710 3084 neeellarijs·
1818 3070 1823 3083 ⁸

436 3103 531 3174 Item
550 3102 684 3195 optulit
703 3100 783 3171 Deo
801 3111 839 3170 et
864 3100 970 3171 beate
989 3098 1108 3170 Marie
1126 3098 1276 3172 eoolefie
1293 3102 1509 3174 cathedralis
1527 3104 1573 3175 de
1590 3103 1777 3174 Abirdene

486 3236 593 3285 vnum
611 3236 735 3307 capam
753 3210 898 3283 loricam
917 3212 1128 3283 deauratam
1146 3236 1217 3305 que
1234 3225 1384 3284 vocatur
1401 3213 1528 3286 Clatt·

437 3327 533 3397 Item
559 3326 694 3419 optulit
720 3326 801 3396 Deo
829 3336 867 3395 et
898 3324 1006 3396 beate
1034 3323 1153 3395 Mario
1178 3321 1328 3397 eoolefie
1354 3327 1512 3420 preditte
1536 3350 1648 3399 vnum
1673 3324 1777 3398 vesti-

486 3450 651 3511 mentum
670 3440 851 3531 integrum
882 3438 927 3507 de
953 3438 1056 3530 nigro
1081 3433 1214 3507 wersod
1238 3437 1284 3508 ad
1308 3436 1539 3509 seruiendum
1565 3436 1714 3511 ecclesie
1739 3442 1776 3509 in

487 3548 735 3642 anniuersarija
753 3562 790 3620 et
808 3550 966 3620 obitibus
985 3550 1147 3618 omnium
1164 3546 1308 3621 suorum
1330 3546 1613 3643 predeoell'orum
1639 3564 1679 3623 et
1703 3550 1779 3623 suo·

487 3660 659 3736 cellomm
685 3662 854 3733 videlieet
881 3662 917 3754 iij
944 3684 1050 3754 capas
1076 3663 1121 3732 de
1146 3661 1272 3733 eodem
1301 3660 1425 3757 [cum]
1452 3686 1523 3735 vna
1545 3662 1664 3736 casula
1689 3677 1728 3736 et
1752 3668 1775 3757 ij

487 3775 684 3847 tuniculis·

438 3890 535 3963 Item
562 3886 695 3982 optulit
721 3888 827 3959 beate
855 3886 973 3957 Mario
999 3908 1112 3958 vnum
1138 3886 1392 3959 candelabrum
1419 3910 1483 3981 pro
1518 3892 1630 3961 cereis
1660 3890 1778 3985 super·

488 4001 662 4095 ponendis
678 4023 789 4094 prope
807 4002 883 4071 eius
901 4001 1105 4092 ymaginem
1123 3999 1340 4071 collocatum
1359 4040 1366 4055 ·

922 4222 1070 4319 [soom
1096 4226 1247 4320 amno
1266 4224 1296 4318 ·]
1348 4166 1356 4182 ’
