4050 5534
228 649 327 744 m]
690 645 1093 723 Asunoounuss.
1489 658 1560 731 187

225 853 263 921 in
286 846 428 923 Christo
457 860 597 945 patrem
625 849 808 923 Ganinum
832 848 1011 941 quondam
1041 848 1148 919 hnius
1175 844 1324 921 ecclesie
1352 848 1557 946 episcopum

225 960 463 1055 supradictum
489 987 536 1036 ex
566 986 637 1057 qua
659 958 789 1036 desunt
818 956 948 1033 diuersi
977 959 1115 1055 lapides
1142 968 1305 1054 tempore
1333 961 1558 1034 abduuionis

226 1074 393 1147 iocalium
409 1084 450 1147 vt
468 1073 572 1169 supra
584 1097 650 1170 pro
666 1070 766 1146 festis
783 1070 1001 1145 solemnibus
1019 1113 1027 1129 ·

273 1186 370 1258 Item
384 1210 453 1260 vna
469 1190 578 1259 mitra
593 1210 639 1259 ex
657 1210 743 1259 auro
760 1185 882 1257 textili
895 1187 1085 1257 continens
1095 1188 1207 1280 xxxvj
1221 1185 1360 1280 lapides
1371 1195 1412 1258 rt
1424 1186 1558 1258 dicitur

226 1295 396 1389 preciosos
430 1300 525 1371 dono
553 1300 743 1371 reuerendi
772 1299 953 1390 quondam
983 1300 1095 1392 patris
1125 1298 1292 1372 Villelmi
1320 1294 1557 1393 ElphInstone

226 1407 491 1483 Aberdonenfis
517 1408 671 1505 episcopi
693 1432 776 1481 cum
799 1410 1018 1481 redimiculis
1043 1407 1202 1482 eiusdem
1229 1433 1296 1505 pro
1321 1407 1422 1483 sestIs
1446 1413 1558 1483 maio·

226 1521 346 1592 ribus·

273 1633 382 1709 Altrs
406 1639 514 1709 mitra
538 1660 601 1731 pro
625 1636 834 1729 quotidiano
861 1632 923 1705 vsu
948 1675 956 1692 ·
981 1632 1032 1706 Et
1058 1638 1168 1708 tertia
1192 1657 1238 1708 ex
1264 1634 1360 1708 linea
1382 1631 1475 1707 reste
1491 1658 1557 1727 pro

226 1744 320 1838 ferijs
344 1744 610 1843 quadragesime
637 1748 731 1819 dono
756 1743 914 1819 eiusdem
937 1747 1127 1818 reuerendi
1144 1749 1256 1840 patrIs
1281 1770 1365 1821 oum
1389 1748 1555 1818 tridecim

226 1860 450 1952 margaritis·
1557 1886 1562 1893 ·

274 1966 443 2043 Sanania
459 1992 506 2041 ex
522 1994 608 2043 auro
625 1970 747 2042 textili
765 1968 922 2065 precioso
947 1992 1102 2042 vnacnm
1120 1971 1245 2067 caligis
1269 1980 1309 2043 et
1324 1971 1409 2044 tela
1430 1967 1557 2043 biffine

227 2080 326 2152 rubia
351 2122 359 2137 ·
386 2082 481 2153 dono
498 2083 583 2154 diui
599 2084 788 2155 reuerendi
805 2085 917 2177 patris
935 2080 1068 2155 Gsuini
1086 2122 1095 2139 ·

274 2190 370 2265 Item
384 2194 455 2267 duo
469 2195 664 2289 corporalia
680 2218 727 2266 ex
740 2196 814 2267 tela
828 2193 1010 2266 Holandie
1024 2217 1179 2267 vnacum
1192 2191 1339 2267 custode
1356 2202 1394 2267 et
1411 2216 1555 2288 cooper-

227 2306 317 2375 torio
350 2306 471 2379 calicis
504 2330 550 2379 ex
584 2331 671 2381 auro
709 2307 831 2379 textili
865 2303 1024 2400 precioso
1058 2344 1067 2361 ·
1098 2308 1192 2378 dono
1227 2305 1386 2379 eiusdem
1422 2305 1556 2379 Gauini

213 2412 404 2513 episcopi-

273 2527 386 2601 Aliud
404 2532 585 2627 corporale
601 2553 686 2603 cum
703 2533 924 2623 coopertorio
942 2531 1115 2625 bipertito
1132 2553 1178 2601 ex
1196 2527 1282 2602 bisso
1302 2533 1405 2627 nigro
1430 2530 1554 2602 vllloso

227 2660 270 2709 ex
305 2664 392 2713 auro
428 2644 548 2716 textili
582 2644 676 2715 dono
710 2639 868 2736 magistri
899 2642 1100 2715 Alexandri
1134 2641 1321 2736 Galloway
1353 2644 1500 2715 rettoris
1534 2668 1556 2714 a

227 2747 417 2843 Kynkell·

272 2862 439 2947 Quatuor
471 2870 630 2961 peltines
656 2868 806 2938 eburnie
834 2888 917 2937 cum
945 2863 1150 2939 custodibus
1183 2868 1277 2937 dono
1311 2864 1554 2960 episcoporum

226 2973 481 3049 urtecessorum
499 2974 647 3051 ecclesie
664 3018 673 3035 ·

272 3084 370 3158 Item
387 3113 451 3183 par
463 3091 726 3185 girotbecarum
745 3114 791 3161 ex
807 3087 941 3161 fustina
957 3113 1022 3184 pro
1040 3086 1148 3162 miffis
1164 3089 1381 3161 solemnibus
1399 3091 1445 3163 ab
1462 3092 1555 3163 anti-

226 3216 295 3285 qno
321 3222 404 3271 cnm
421 3200 613 3274 luminibus
636 3204 815 3297 argenteis
832 3204 869 3273 in
888 3199 989 3274 dorso
1006 3198 1162 3274 honestis
1178 3242 1187 3258 ·
1206 3202 1257 3272 Et
1278 3202 1410 3274 altrum
1427 3224 1492 3297 pur
1508 3224 1553 3274 ex

227 3306 307 3383 lana
322 3314 467 3387 textili·

274 3420 370 3496 Item
386 3428 556 3522 gremiale
573 3438 678 3499 vetus
695 3452 742 3499 ex
758 3426 868 3500 serico
886 3424 958 3499 albi
976 3427 1129 3499 coloris·

276 3534 487 3611 Pontificnle
502 3549 606 3613 vetus
631 3562 677 3613 ex
703 3561 921 3635 pergameno
946 3537 1006 3609 sed
1023 3540 1232 3611 decoratum
1258 3546 1297 3609 et
1320 3539 1553 3612 reformatum

227 3668 290 3736 per
304 3654 542 3724 renerendum
552 3654 732 3746 quondam
745 3664 885 3746 patrem
898 3650 1114 3724 Villelmnm
1124 3645 1338 3745 Elpbinston
1351 3650 1553 3747 episcopum

226 3780 308 3829 cum
324 3760 492 3837 clausuris
509 3766 649 3861 argenti
667 3772 705 3835 et
721 3763 828 3835 minis
845 3759 1001 3835 eiusdem
1020 3764 1156 3834 domini
1172 3758 1326 3857 episcopi
1345 3804 1353 3820 ·

277 3870 384 3946 Vnus
404 3875 553 3949 bmulus
577 3873 761 3970 pastoralis
788 3876 901 3947 maior
925 3871 1095 3947 honestos
1119 3898 1165 3947 ex
1190 3884 1341 3970 argento
1362 3874 1554 3950 deauratus

225 3985 390 4073 ponderis
417 3989 597 4081 qnondam
614 3987 751 4083 septem
777 3986 949 4059 librarum
976 3998 1014 4059 et
1034 3985 1097 4058 sex
1114 3987 1301 4059 unciarum
1316 3989 1419 4059 cuius
1434 3990 1553 4062 media

226 4116 305 4185 pars
322 4098 419 4171 lirrto
434 4099 576 4173 lirblata
596 4098 650 4173 est
674 4102 812 4171 incuria
829 4095 1013 4171 custodum
1033 4122 1153 4171 rernm
1170 4098 1430 4193 pontificalium
1446 4096 1553 4195 prefi-

226 4204 334 4281 dente
350 4212 548 4284 reuerendo
564 4222 667 4306 patre
685 4211 859 4283 Villelmo
877 4209 1026 4283 Stenart
1042 4208 1291 4283 Aberdonenfi
1308 4208 1473 4306 episcopo
1493 4258 1500 4271 ·

275 4314 384 4389 Alter
399 4318 548 4391 baculus
564 4321 704 4415 argenti
716 4321 834 4393 minor
846 4324 1013 4416 ponderis
1027 4322 1178 4395 duarum
1196 4323 1367 4396 libramm
1383 4326 1550 4400 tridecim

226 4430 410 4505 ruciamm
425 4454 509 4503 cum
526 4428 730 4505 custodibus
747 4432 934 4528 vtriusque
946 4456 1031 4507 curn
1045 4436 1259 4530 manitergio
1275 4433 1446 4511 consueto
1463 4481 1471 4496 ·

276 4538 371 4614 Item
384 4544 538 4616 annulus
553 4540 737 4639 pastoralis
747 4568 811 4639 pro
825 4548 970 4619 domino
983 4544 1149 4641 episcopo
1164 4570 1211 4620 ex
1228 4570 1315 4620 auro
1328 4570 1412 4621 cum
1422 4572 1552 4645 magno
