4050 5534
404 629 451 702 26
921 617 1228 693 REGISTRUM
1593 621 1747 720 [escum

404 941 442 1011 in
459 937 584 1032 spiritu
609 934 771 1006 lenitatis
793 955 878 1005 eum
894 929 1082 1026 supportet
1098 939 1138 1004 et
1154 932 1189 1004 ei
1204 953 1271 1026 pro
1286 927 1383 1026 posse
1398 931 1612 1026 persuadeat
1635 933 1748 1029 plori-

404 1053 474 1122 mis
498 1049 614 1120 modis
630 1046 726 1139 quod
752 1047 892 1140 integre
909 1055 949 1118 et
966 1044 1011 1117 de
1029 1044 1197 1116 omnibus
1221 1044 1380 1138 peccatis
1403 1045 1567 1139 peniteat
1583 1055 1622 1119 et
1638 1046 1749 1119 conii·

406 1169 527 1234 teetur
543 1159 650 1232 aliter
667 1180 751 1230 vero
769 1152 936 1230 consessio
954 1152 1099 1229 nonest
1117 1179 1202 1228 vera
1218 1195 1228 1212 ·
1247 1154 1419 1228 Preterea
1443 1157 1601 1250 inquirat
1618 1153 1748 1231 rsitata

407 1270 614 1370 linp'llatim
639 1265 809 1342 inrfitata
830 1279 954 1342 autem
976 1291 1051 1340 nou
1076 1263 1141 1340 nist
1158 1293 1181 1341 a
1197 1267 1305 1364 longe
1321 1291 1387 1362 per
1402 1267 1691 1344 circumstancias
1708 1282 1749 1342 vt

407 1381 455 1458 lio
484 1383 643 1480 expertis
668 1384 775 1455 detur
804 1383 958 1454 materia
986 1381 1184 1454 confitendi
1215 1389 1254 1452 et
1283 1383 1484 1475 inexpertis
1512 1382 1614 1457 nulla
1642 1385 1750 1456 detur

408 1493 545 1574 occasio
570 1495 801 1589 delinquendi
825 1535 833 1552 ·
857 1491 1089 1588 personarum
1112 1494 1260 1566 nomina
1281 1517 1366 1566 cum
1388 1493 1518 1587 quibus
1543 1497 1749 1590 peccauerit

409 1635 483 1686 non
505 1612 663 1704 inquirat
686 1605 741 1680 set
770 1630 835 1702 per
859 1601 1115 1680 consessionem
1141 1602 1260 1699 potest
1284 1606 1465 1698 inquirere
1491 1618 1611 1680 atrum
1637 1607 1750 1681 laicus

410 1725 469 1797 vel
487 1723 637 1797 clericus
654 1716 815 1793 sacerdos
829 1719 888 1790 vel
905 1720 1077 1791 diaconus
1094 1717 1152 1790 vel
1169 1717 1366 1790 monachus
1382 1719 1492 1790 suerit
1508 1759 1518 1776 ·
1536 1729 1752 1793 moneantur

410 1847 533 1911 autem
550 1834 632 1906 laici
649 1833 686 1904 in
700 1831 875 1926 principio
889 1850 1191 1910 ousnuaossrsrn
1203 1831 1368 1903 confiteri
1381 1841 1420 1904 et
1432 1832 1507 1904 cito
1519 1829 1597 1928 post
1610 1832 1750 1928 lapsus·

413 1948 619 2042 Precipiant
646 1945 757 2016 etiam
787 1942 1011 2038 parochianis
1036 1941 1108 2014 suis
1133 1953 1174 2014 vt
1204 1938 1391 2037 postquam
1415 1945 1462 2016 od
1485 1967 1600 2018 annos
1624 1944 1751 2018 discre-

410 2062 520 2133 tionis
544 2057 776 2152 peruenerint
799 2057 920 2126 omnia
944 2064 1095 2149 peccata
1115 2053 1178 2128 sua
1194 2053 1305 2127 semel
1327 2057 1366 2126 in
1390 2079 1485 2128 enno
1511 2059 1752 2131 confiteantur

411 2174 553 2269 proprio
569 2167 743 2243 sacerdoti
758 2167 815 2239 rel
833 2167 937 2240 alteri
951 2169 1088 2252 adeius
1104 2167 1289 2241 licentiam
1305 2178 1345 2239 et
1360 2178 1570 2242 reuerenter
1585 2170 1751 2242 adminus

411 2289 448 2358 in
466 2281 595 2381 pascha
608 2276 832 2354 Eucharistie
850 2277 1112 2352 sacramentum
1129 2280 1331 2374 percipiant
1348 2275 1415 2351 nisi
1431 2281 1526 2353 sorte
1543 2281 1588 2354 de
1604 2277 1751 2354 consilio

412 2396 543 2495 proprij
573 2391 766 2468 sacerdotis
791 2393 837 2464 ob
863 2391 1022 2485 aliquam
1051 2391 1264 2464 rationalem
1292 2391 1434 2465 causam
1459 2394 1504 2465 od
1532 2403 1677 2488 tempos
1704 2396 1752 2468 ab

412 2515 489 2584 eius
509 2507 740 2603 perceptione
758 2506 928 2576 duxerint
944 2501 1197 2576 abstinendum
1214 2504 1372 2598 alioquin
1389 2515 1429 2578 et
1446 2507 1520 2578 viui
1537 2507 1584 2578 ab
1599 2503 1752 2603 ingressu

412 2618 561 2696 ecclesie
583 2625 774 2692 arceantur
791 2626 829 2689 et
850 2618 984 2688 mortui
1010 2613 1201 2690 christiana
1225 2613 1410 2712 sepultura
1433 2629 1580 2691 careant
1597 2660 1606 2677 ·
1624 2629 1752 2692 caueat

411 2745 534 2809 autem
559 2730 721 2804 sacerdos
745 2729 892 2801 omnino
909 2751 956 2800 ne
974 2730 1084 2802 verbo
1100 2739 1165 2802 aut
1188 2727 1287 2826 signo
1312 2739 1377 2803 eut
1400 2730 1522 2824 aliquo
1546 2732 1655 2804 modo
1669 2753 1753 2826 pec-

413 2856 572 2921 catorem
596 2842 726 2937 prodat
751 2850 789 2914 et
813 2836 841 2911 si
861 2841 1085 2934 prudentiori
1111 2839 1258 2914 consilio
1283 2842 1479 2938 indiguerit
1502 2841 1594 2916 illud
1619 2841 1751 2938 absque

412 2951 634 3054 expressione
663 2951 812 3048 persone
840 2952 914 3025 vlla
941 2962 1048 3027 caute
1077 2955 1235 3049 inquirat
1256 2995 1265 3011 ·
1288 2953 1333 3025 In
1359 2955 1477 3048 dubijs
1502 2977 1587 3027 vero
1613 2953 1753 3050 semper

413 3069 591 3145 consultet
608 3065 812 3162 episcopum
829 3076 894 3138 aut
911 3063 1082 3140 discretos
1094 3068 1189 3138 viros
1201 3089 1354 3160 qnorum
1370 3064 1517 3139 consilio
1533 3067 1753 3142 certificatus

413 3183 556 3256 securus
573 3179 692 3251 valeat
709 3176 847 3250 soluere
864 3175 924 3250 rel
941 3175 1052 3273 ligare
1070 3219 1079 3236 ·

719 3399 865 3475 LVIII.
892 3401 950 3474 De
967 3401 1189 3475 sacramento
1207 3399 1446 3475 Ewkeristie·

414 3621 763 3705 Excellentiilimum
792 3624 976 3698 Dominici
1010 3627 1168 3720 corporis
1201 3637 1240 3698 et
1273 3626 1456 3722 sanguinis
1489 3625 1752 3704 sacramentum

413 3766 496 3818 cum
530 3738 735 3814 reuerentia
769 3737 963 3809 deuotione
994 3739 1197 3810 ethonore
1231 3742 1408 3812 trattetur
1436 3749 1476 3814 et
1504 3751 1653 3836 propter
1683 3745 1753 3818 hoc

412 3853 570 3929 distritte
594 3851 812 3945 precipimus
833 3849 929 3942 quod
954 3848 1155 3924 sacerdotes
1180 3853 1276 3925 circa
1292 3876 1335 3924 ea
1351 3876 1422 3945 que
1448 3854 1494 3926 ed
1518 3851 1753 3930 substantiam

411 3964 625 4042 sacramenti
648 3961 805 4054 corporis
828 3971 867 4032 et
890 3957 1073 4057 senfflrinie
1089 3962 1238 4035 Domini
1264 3959 1335 4036 lint
1360 3964 1554 4062 diligentes
1578 3969 1753 4061 prouisuri

412 4080 509 4175 quod
534 4071 759 4148 Eucharistia
784 4073 822 4144 in
845 4074 982 4146 munda
1005 4074 1130 4169 pixide
1154 4071 1388 4147 conseruetur
1411 4099 1480 4149 neo
1496 4076 1592 4152 vltra
1615 4077 1753 4174 septem

412 4195 489 4265 dies
514 4185 773 4262 conseruentur
797 4181 912 4257 hostie
938 4185 1144 4260 consecrate
1160 4183 1216 4258 set
1232 4186 1395 4278 qualibet
1412 4188 1472 4259 die
1495 4189 1676 4264 dominica
1700 4194 1754 4265 in-

412 4311 594 4376 nouentur
622 4300 674 4371 ita
703 4297 799 4391 quod
829 4294 909 4390 post
938 4301 1185 4393 receptionem
1212 4295 1326 4370 hostie
1355 4310 1523 4373 recenter
1550 4300 1753 4377 consecrate

410 4425 497 4489 ante
512 4405 750 4505 sumpsronem
768 4409 948 4504 sanguinis
969 4409 1154 4484 Dominici
1170 4409 1352 4484 reseruata
1376 4409 1491 4486 hostie
1508 4437 1531 4485 a
1546 4414 1754 4490 celebrante

410 4523 546 4600 missam
569 4521 756 4595 sumantur
773 4519 831 4592 vel
849 4521 970 4614 aliquo
993 4524 1088 4596 bone
1111 4521 1331 4596 conscientie
1349 4565 1358 4582 ·
1376 4524 1624 4620 habeaturque
1647 4533 1754 4602 certi·
