4050 5534
412 651 457 722 36
932 647 1240 722 REGISTRUM
1606 647 1762 743 [sucum

415 848 619 939 potationes
643 847 837 918 herbarum
862 848 1132 920 mortiferarum
1158 846 1266 918 alicui
1294 846 1458 918 conferat
1484 847 1667 941 egrotanti
1691 867 1762 916 nec

415 958 551 1050 aliquid
568 954 793 1052 sortilegium
810 958 921 1031 faciat
939 959 997 1030 vel
1014 967 1185 1031 exerceat
1203 998 1211 1015 ·

682 1180 911 1253 LXXXIII.
938 1181 997 1253 De
1014 1181 1209 1276 capellanis
1226 1180 1470 1252 conducendis
1487 1220 1497 1236 ·

419 1403 515 1475 Item
537 1403 769 1497 prohibemns
785 1428 834 1476 ne
851 1406 931 1496 quis
956 1404 1152 1497 recipiatur
1168 1402 1376 1498 capellanus
1392 1403 1436 1474 ad
1455 1426 1579 1474 curam
1594 1402 1764 1497 parochie

418 1516 552 1587 ibidem
578 1538 716 1587 moram
742 1517 900 1588 rasurus
926 1517 971 1589 ad
996 1518 1117 1588 minua
1142 1538 1250 1608 quam
1275 1537 1341 1608 per
1364 1516 1470 1586 ruins
1495 1517 1582 1587 anni
1607 1513 1762 1608 spatium

419 1651 486 1698 neo
515 1627 600 1736 inde
631 1622 706 1698 fine
737 1628 943 1700 rationabili
974 1625 1080 1700 causa
1112 1628 1364 1700 archidiacono
1392 1622 1556 1720 exposrta
1584 1627 1763 1698 recedat·

420 1735 676 1810 Discedentem
696 1763 781 1810 vero
806 1737 939 1832 absque
965 1740 1080 1815 literis
1106 1739 1346 1812 archidiaconi
1372 1738 1493 1810 nullus
1517 1740 1649 1812 audeat
1674 1741 1766 1810 reci·

419 1873 504 1941 pere
521 1857 585 1922 aut
603 1857 729 1922 tenere
747 1891 755 1908 ·

967 2179 1170 2282 trpltrtt
1192 2219 1208 2246 ·

816 2737 948 2810 Forma
965 2740 1350 2811 excommunicationis
1367 2777 1375 2793 ·

420 2965 477 3036 Ex
503 2963 718 3037 auctoritate
737 2960 808 3032 Dei
834 2966 948 3056 patris
974 2962 1234 3055 omnipotentis
1252 2970 1291 3034 et
1308 2959 1391 3053 Filij
1410 2971 1449 3031 et
1469 2959 1627 3054 Spiritus
1651 2958 1763 3033 sanai

418 3098 569 3148 necnon
581 3070 749 3146 etsantte
761 3072 831 3144 Dei
845 3075 1040 3168 genetricis
1051 3071 1170 3144 Marie
1181 3082 1219 3143 et
1230 3070 1342 3144 sauhti
1354 3071 1547 3143 Michaelis
1557 3072 1762 3166 archangeli

419 3197 457 3258 ct
474 3187 635 3257 omnium
653 3183 864 3278 angelorum
883 3192 921 3256 et
938 3184 1233 3278 archangelorum
1251 3193 1290 3255 et
1306 3181 1417 3255 sanai
1429 3183 1582 3254 Ioannis
1598 3181 1763 3276 Baptista

418 3311 455 3369 et
482 3297 645 3367 omnium
670 3297 953 3388 patriarcharum
972 3304 1009 3367 et
1029 3298 1286 3389 prophetarum
1304 3304 1343 3367 et
1359 3294 1561 3367 snnttorum
1587 3292 1763 3389 apostolo-

418 3432 499 3481 rum
517 3417 555 3480 et
572 3401 881 3500 ewangelistarum
905 3409 1155 3479 innocentium
1177 3408 1368 3478 martirum
1391 3401 1627 3477 confessorum
1651 3415 1763 3499 atque

418 3522 597 3614 virginum
623 3527 661 3589 et
687 3519 849 3588 omnium
879 3515 1068 3590 celestium
1090 3521 1266 3589 virtutum
1293 3529 1332 3590 et
1356 3515 1557 3590 fancorum
1583 3541 1762 3590 canonum

418 3643 456 3704 et
474 3627 582 3702 nostri
600 3625 787 3721 ministerij
806 3631 1162 3700 excommunicamus
1179 3630 1416 3723 dampnamus
1440 3631 1761 3701 anatematizamus

418 3754 456 3816 et
473 3767 494 3815 a
511 3740 688 3814 limitibus
705 3738 825 3812 sanae
847 3742 972 3812 matris
990 3739 1061 3812 Dei
1079 3737 1227 3812 ecclesre
1243 3737 1503 3833 sequestramus
1528 3761 1653 3810 omues
1678 3763 1763 3811 con·

416 3855 606 3948 spiratores
636 3858 763 3922 contra
792 3853 953 3945 proprios
983 3849 1167 3945 episcopos
1196 3851 1255 3922 vel
1285 3852 1422 3922 alienos
1450 3852 1553 3946 regni
1582 3849 1642 3921 seu
1672 3851 1762 3924 alios

416 3965 574 4061 prelatos
602 3971 640 4034 et
670 3984 795 4034 omnes
822 3961 1124 4057 conspiratoribus
1151 3960 1418 4035 consentientes
1443 3986 1487 4034 eo
1510 3964 1605 4054 quod
1636 3985 1761 4034 omues

415 4076 508 4150 tales
525 4072 712 4146 scismatici
724 4070 807 4144 sunt
821 4084 859 4146 et
877 4075 1030 4146 infames
1042 4073 1410 4147 Excommmsicamua
1427 4077 1539 4146 etiam
1556 4098 1681 4148 omnes
1699 4079 1761 4169 qui

368 4189 374 4202 '
416 4185 519 4261 causa
535 4185 792 4256 matrimoniali
809 4185 869 4256 vel
886 4185 957 4258 alia
973 4182 1100 4258 falsum
1127 4187 1319 4280 perhibent
1343 4183 1590 4258 testimonium
1607 4185 1761 4258 scienter

415 4299 647 4391 exceptiones
676 4294 857 4368 maliciose
884 4309 1072 4391 opponunt
1098 4298 1156 4369 vel
1184 4299 1317 4391 opponi
1346 4307 1540 4391 procurant
1566 4298 1624 4369 vel
1651 4295 1759 4370 testes

412 4410 608 4483 subornant
626 4407 684 4478 vel
702 4408 739 4477 id
757 4408 835 4479 fieri
853 4420 1048 4502 procurant
1064 4411 1103 4480 in
1120 4406 1226 4482 causa
1243 4409 1499 4480 matrimoniali
1516 4447 1525 4464 ·
1540 4407 1759 4480 Excommu-

413 4525 574 4594 nioamus
592 4541 718 4590 omnes
733 4518 814 4592 illos
828 4521 888 4612 qui
906 4537 1032 4613 paoem
1047 4520 1157 4615 Regis
1174 4529 1213 4593 et
1229 4521 1331 4614 regni
1347 4520 1562 4613 perturbant
1578 4530 1617 4592 et
1635 4543 1759 4592 omnes
