4050 5534
233 655 310 751 xe]
672 650 1078 729 AnnnnoNnNsn.
1496 663 1566 734 me

231 853 320 926 Item
346 858 386 927 in
415 856 707 929 circumferentia
730 852 980 949 deseendendo
1005 878 1028 926 e
1052 853 1261 929 summitate
1285 853 1415 929 sinistri
1440 857 1565 931 leteris

273 970 311 1060 xj
329 964 487 1062 saphires
502 991 528 1039 x
544 968 704 1064 gemetis
721 976 760 1041 et
776 967 838 1060 viij
856 988 1014 1061 pavones
1032 1004 1040 1024 ·

229 1077 321 1151 Item
330 1081 370 1151 in
383 1078 480 1153 linea
490 1079 722 1153 discendente
739 1079 1009 1175 triangulariter
1024 1082 1064 1153 in
1080 1091 1184 1175 porte
1201 1083 1381 1155 anteriore
1397 1108 1420 1157 o
1436 1083 1565 1155 dextre

274 1201 374 1286 perte
393 1215 444 1264 xv
458 1195 619 1289 gemetis
636 1232 645 1251 ·

228 1302 319 1377 Item
332 1306 370 1377 in
382 1303 479 1377 linea
491 1301 723 1377 disoendente
736 1303 1007 1399 trianguleriter
1016 1300 1156 1378 sinistre
1172 1308 1286 1401 portis
1298 1305 1458 1380 eiusdem
1471 1306 1562 1381 lote-

273 1419 320 1489 ris
335 1414 552 1512 xv'sephirie
568 1426 607 1489 et
623 1440 673 1488 xv
689 1416 849 1512 gemetis
869 1467 877 1487 .

226 1528 318 1601 Item
335 1532 374 1603 in
384 1526 551 1625 supreme
566 1528 602 1601 le
626 1529 718 1601 rohe
735 1527 975 1601 discendendo
992 1551 1058 1622 per
1074 1530 1236 1603 medium
1261 1555 1283 1604 e
1298 1539 1380 1627 gret
1396 1527 1560 1626 sephiere

274 1652 335 1715 tue
350 1643 426 1715 mid
443 1642 556 1736 rubijr
571 1665 594 1714 n
610 1636 687 1713 mid
704 1638 844 1735 sephion
860 1648 899 1711 et
918 1640 999 1713 thre
1016 1640 1104 1713 litill
1119 1639 1270 1737 saphiris
1287 1691 1296 1711 .

226 1753 318 1827 Item
334 1757 372 1827 in
389 1764 434 1847 pe
444 1754 600 1829 secunde
615 1777 640 1827 e
654 1762 736 1850 gret
752 1761 882 1849 gernot
900 1790 909 1811 ·
926 1753 977 1846 iiij
991 1788 1000 1809 ·
1012 1754 1139 1826 midile
1148 1755 1313 1850 gometio
1328 1794 1337 1812 ·
1355 1754 1407 1849 iiij
1422 1754 1494 1829 litil
1507 1755 1561 1831 so·

272 1868 403 1961 phieris
419 1868 491 1940 ond
502 1868 631 1941 betuix
641 1872 685 1958 pe
695 1874 761 1938 tuo
770 1863 871 1937 vohis
883 1904 891 1922 ·
903 1863 927 1958 ij
942 1863 1014 1936 litil
1024 1868 1185 1960 gemetis
1197 1866 1336 1940 benoth
1349 1874 1395 1957 pe
1404 1865 1560 1941 secunde

271 1980 359 2052 vohe
375 2017 384 2036 ·
400 1980 427 2074 ij
445 1978 541 2051 ·litil
557 1979 719 2075 gemetis
737 2019 745 2036 ·

225 2089 316 2162 Item
332 2092 371 2162 in
386 2097 431 2184 pe
447 2092 547 2183 pride
564 2092 656 2163 vohe
673 2088 913 2163 discendendo
930 2112 994 2184 per
1004 2090 1167 2161 medinm
1184 2100 1326 2184 operte
1342 2093 1521 2165 anteriore
1537 2118 1560 2165 e

270 2213 348 2299 gret
364 2201 504 2298 sophire
516 2240 526 2261 ·
537 2204 588 2297 iiij
607 2202 725 2275 midill
741 2204 901 2299 gemetis
918 2210 957 2275 et
973 2199 1025 2295 iiij
1043 2200 1115 2273 litil
1132 2201 1282 2296 saphiris
1293 2240 1302 2260 ·
1315 2212 1354 2277 et
1371 2205 1485 2278 vnder
1495 2216 1558 2299 pet

269 2315 358 2387 veho
375 2316 399 2410 ij
413 2315 500 2387 litill
515 2316 677 2411 gemetis
693 2350 703 2370 ·
954 2352 970 2361 -

226 2425 314 2499 Item
339 2429 379 2501 in
402 2437 448 2521 pe
465 2429 564 2501 sorde
589 2428 681 2500 vohe
706 2424 946 2499 discendendo
972 2447 1039 2520 per
1055 2425 1218 2499 medium
1235 2438 1377 2521 operto
1403 2437 1491 2501 onte
1507 2454 1558 2502 ·o

269 2550 347 2634 gret
363 2549 493 2637 gemet
509 2578 518 2597 ·
534 2540 586 2635 iiij
603 2539 708 2613 midil
723 2540 884 2635 gemetis
901 2545 962 2609 ·et
979 2536 1030 2630 iiij
1045 2535 1133 2609 litill
1145 2534 1294 2632 saphiris
1310 2547 1349 2611 et
1367 2540 1481 2613 vnder
1495 2550 1559 2634 pot

270 2653 293 2745 ij
311 2651 383 2724 litil
400 2655 583 2749 gemetis·
1558 2666 1562 2673 ’

225 2760 314 2835 Item
339 2767 378 2838 in
402 2774 507 2860 parte
523 2765 654 2839 dextre
678 2762 890 2860 tmenguhri
907 2763 954 2835 ob
980 2769 1067 2833 ente
1084 2761 1123 2833 in
1145 2758 1312 2856 supreme
1327 2772 1432 2856 perte
1449 2766 1559 2837 trion-

268 2872 381 2967 gutur·
398 2897 421 2946 o
437 2872 523 2945 litill
534 2882 664 2969 gernot
681 2880 720 2945 et
737 2871 851 2945 ruder
874 2880 937 2963 pet
954 2896 1001 2977 en
1019 2873 1111 2945 veho
1125 2873 1165 2945 in
1183 2874 1287 2945 euius
1302 2876 1423 2948 modio
1440 2901 1463 2950 o
1477 2888 1559 2972 gret

267 2994 394 3079 gemet
416 2995 456 3059 et
468 2988 507 3057 iu
524 2986 818 3059 circumferenoie
834 2983 932 3056 illius
950 2986 984 3077 vj
1003 2984 1108 3057 midil
1132 2986 1293 3081 gernotIs
1310 2995 1350 3059 et
1366 2987 1481 3061 vnder
1496 3000 1559 3082 pot

268 3096 292 3189 ij
308 3099 469 3193 geruntio
486 3138 494 3156 ·
1217 3099 1223 3110 ’

224 3204 313 3279 Item
329 3211 367 3281 In
384 3218 429 3301 pe
445 3207 579 3282 secund
596 3216 677 3305 gret
695 3209 785 3281 vohe
807 3210 846 3280 in
862 3209 982 3281 medio
994 3209 1011 3302 j
1029 3216 1111 3304 gret
1128 3208 1335 3304 ennmeling
1346 3211 1381 3303 vj
1398 3216 1558 3307 gemetis

268 3321 434 3394 etrlitill
450 3322 573 3418 perilie
583 3329 622 3395 et
632 3320 922 3393 circumferentia
930 3320 1031 3394 illiue
1040 3320 1078 3414 iij
1090 3319 1161 3391 litil
1173 3322 1333 3416 gemetis
1350 3333 1444 3396 ·ete
1454 3337 1558 3418 porte

268 3432 417 3507 dextere
426 3431 585 3507 eiusdem
603 3432 638 3505 le
654 3439 736 3528 gret
760 3432 879 3525 rohej
897 3430 984 3503 litill
1001 3432 1093 3504 vohe
1109 3433 1265 3505 inertius
1277 3434 1398 3507 medio
1416 3459 1438 3507 o
1454 3436 1557 3508 midil

267 3541 382 3641 sophir
397 3556 436 3620 et
453 3550 588 3621 oireum
605 3546 644 3640 iij
662 3544 735 3617 litil
751 3544 911 3639 gemetis
929 3597 937 3614 .

223 3653 313 3729 Item
337 3662 376 3731 in
405 3656 553 3733 senistre
579 3668 683 3753 perte
713 3654 872 3731 eiusdem
898 3655 1023 3729 leteris
1051 3658 1091 3729 in
1121 3668 1225 3751 perte
1252 3656 1469 3755 triangulari
1497 3670 1555 3733 tot

267 3772 374 3845 vehes
397 3796 441 3847 ee
465 3772 602 3867 lepidos
619 3780 658 3845 et
675 3778 733 3842 tot
744 3767 860 3864 perlle
873 3792 944 3840 vno
961 3777 1118 3861 excepto
1135 3778 1225 3862 quot
1238 3765 1293 3843 est
1309 3770 1349 3841 in
1366 3768 1435 3844 iste
1450 3781 1556 3867 perte

268 3884 437 3959 videlieet
450 3886 488 3957 in
506 3884 541 3957 le
557 3892 640 3981 gret
656 3882 748 3955 rohe
761 3880 795 3974 vj
814 3878 928 3975 perlle
945 3920 954 3939 ·

223 3991 314 4067 Item
329 3998 368 4069 in
384 3998 504 4071 fronte
516 3992 676 4071 eiusdem
694 3993 818 4067 leteris
830 4026 839 4049 ο
852 4014 876 4063 v
893 4031 901 4049 ·
920 3992 1022 4065 vohis
1039 3993 1156 4086 primo
1170 3993 1374 4066 inohonndo
1393 3995 1555 4069 adextre

267 4117 367 4201 parte
383 4148 393 4167 ·
409 4111 434 4204 ij
452 4108 524 4182 litil
549 4108 709 4205 gemetis
735 4114 840 4178 extre
864 4104 899 4177 le
924 4105 1017 4177 vehe
1042 4113 1081 4177 et
1099 4104 1139 4177 in
1164 4106 1284 4177 medIo
1309 4105 1400 4179 dieti
1416 4107 1508 4179 roho
1530 4132 1555 4181 e

268 4230 347 4319 gret
358 4218 476 4317 sephir
487 4223 540 4317 iiij
557 4219 661 4293 midil
676 4219 837 4315 gemetis
853 4254 861 4275 ·
880 4217 918 4312 iij
936 4216 1009 4289 litil
1022 4217 1183 4313 germetie
1200 4225 1272 4291 ete
1287 4215 1408 4312 sophir
1423 4218 1556 4293 Conse-

268 4344 419 4426 quenter
434 4336 472 4406 in
488 4334 596 4429 pleno
621 4332 646 4425 ij
664 4330 737 4404 litil
752 4330 912 4426 gemetis
930 4370 938 4387 ·

223 4440 360 4521 Deinde
376 4447 416 4519 in
432 4444 469 4519 le
485 4443 618 4519 seeund
635 4444 727 4517 vehe
743 4466 765 4515 e
780 4450 862 4538 gret
884 4449 1014 4538 gernot
1030 4441 1082 4536 iiij
1107 4440 1212 4513 midil
1236 4445 1396 4538 gematis
1411 4480 1420 4500 ·
1437 4468 1460 4517 o
1483 4444 1556 4519 litil

268 4567 393 4653 gnrnet
418 4565 457 4631 et
473 4558 510 4652 iij
528 4556 602 4630 litil
619 4555 766 4652 saphiris
783 4555 914 4629 deinde
930 4556 970 4628 in
985 4552 1095 4649 pleno
1104 4552 1122 4648 j
1136 4552 1210 4627 litii
1225 4563 1354 4652 gernot
1372 4597 1381 4614 ·
