4050 5534
721 670 1112 749 ABERDONENSE

678 984 886 1057 lucremur
905 1008 1010 1061 mum
1030 1011 1161 1065 ruam·

253 1188 367 1281 Vnus
391 1207 484 1279 liber
508 1210 742 1282 decretalium
766 1212 943 1305 incipiens
967 1217 1006 1286 in
1035 1213 1191 1291 secundo
1215 1222 1302 1295 folio
1327 1224 1550 1323 Adsclutem
1577 1219 1591 1285 ·'

250 1324 286 1394 d
303 1321 410 1393 Alius
426 1321 519 1394 liber
535 1323 769 1396 decretalium
786 1326 824 1397 iu
841 1321 996 1399 secundo
1013 1329 1099 1401 folio
1120 1328 1275 1407 Vidimus
1291 1378 1299 1395 ·
1318 1339 1353 1409 tl
1370 1340 1477 1412 Alius
1494 1343 1585 1415 liber

251 1431 486 1506 decretalium
504 1435 541 1505 iu
559 1432 715 1509 secundo
740 1435 826 1507 folio
852 1437 921 1510 Ec
944 1438 1067 1513 Mario
1092 1444 1158 1514 -d
1184 1445 1394 1526 Decretales
1417 1476 1529 1546 parue
1545 1459 1583 1526 in

249 1542 418 1617 afferibue
441 1556 480 1617 et
502 1547 541 1619 in
566 1544 721 1620 secundo
744 1548 830 1620 folio
848 1552 885 1622 iu
913 1561 1019 1624 textu
1042 1558 1179 1630 currum
1193 1561 1257 1657 affe
1261 1562 1397 1660 fatetur
1419 1607 1427 1625 ·
1451 1567 1502 1661 vij
1513 1566 1582 1639 Ε.

249 1658 284 1728 u
295 1656 402 1729 Alius
414 1657 507 1730 liber
518 1660 753 1732 decretalium
766 1662 804 1733 in
822 1658 977 1735 secundo
990 1665 1077 1737 folio
1091 1667 1583 1769 Eprfiopuecoadoaablatua

248 1794 314 1862 per
323 1766 531 1865 magistrum
549 1770 751 1845 Rcbertum
766 1773 923 1847 Stewart
936 1776 1211 1869 prebendarium
1226 1788 1271 1860 de
1281 1788 1427 1866 Turreff
1437 1838 1445 1855 ·
1463 1798 1499 1868 d
1510 1798 1584 1872 De-

248 1894 390 1954 cretum
403 1883 578 1977 incipiens
591 1887 628 1955 in
639 1882 796 1959 secundo
813 1887 900 1959 folio
912 1888 1012 1979 Quod
1020 1890 1067 1986 est
1079 1895 1227 1993 maycr
1243 1938 1252 1956 ·
1267 1899 1302 1970 (l
1315 1902 1513 1983 Decretum
1530 1916 1583 1985 in·
1680 1916 1685 1924 '

248 1996 386 2088 cipieus
402 1996 441 2067 in
458 1992 614 2069 secundo
627 1995 714 2070 folio
727 2000 765 2070 in
779 2010 884 2071 textu
898 2000 1143 2077 Prouincield’
1161 2009 1217 2079 n
1234 2009 1434 2092 Decretum
1451 2028 1587 2100 modici

249 2106 379 2177 valoris
392 2106 554 2179 ablatum
568 2132 634 2202 per
643 2107 851 2205 magistrum
864 2109 890 2182 J
891 2112 1070 2187 ohannem
1081 2115 1219 2191 Barber
1230 2136 1415 2203 cantorem
1426 2174 1435 2191 ·
1446 2136 1482 2205 tl
1492 2137 1583 2212 Sex.

248 2228 310 2290 tus
324 2215 495 2314 gloll'atus
515 2243 580 2314 per
602 2222 820 2295 cardinalem
843 2226 882 2295 in
898 2221 1055 2299 secundo
1071 2230 1158 2302 folio
1175 2235 1212 2305 in
1234 2246 1340 2311 textu
1357 2240 1416 2315 bna
1438 2271 1582 2345 cooper-

248 2341 308 2401 tus
324 2333 427 2425 nigro
443 2372 452 2389 ·
466 2330 501 2403 (l
514 2330 665 2406 Summa
675 2334 720 2405 de
731 2331 869 2408 cafibua
882 2334 1043 2410 Ostenlic
1053 2342 1091 2413 in
1103 2339 1258 2419 secundo
1270 2350 1356 2424 folio
1367 2352 1465 2432 Nrma
1474 2360 1557 2462 lepis
1575 2411 1582 2426 .
1722 2389 1729 2397 ·

248 2440 283 2511 (l
301 2440 461 2514 Nouella
471 2442 649 2516 Johannis
660 2445 808 2520 Andree
818 2446 922 2542 super
934 2451 1133 2526 decretales
1142 2458 1180 2528 in
1194 2459 1332 2537 duobus
1344 2468 1584 2550 voluminibus

247 2555 363 2645 prima
379 2576 460 2647 pars
476 2557 513 2625 in
530 2554 686 2629 secundo
703 2557 790 2629 folio
816 2556 921 2656 Vsque
938 2571 976 2634 et
993 2560 1148 2639 secunda
1163 2573 1245 2661 pa'ra
1262 2574 1471 2657 insecundo
1496 2588 1583 2663 folio

245 2662 485 2760 Eeueprtiocem
503 2706 511 2725 ·
530 2666 565 2737 {l
582 2668 742 2741 Nouella
752 2668 777 2741 J
778 2671 929 2743 ohannis
943 2675 1093 2749 Andree
1102 2675 1208 2773 super
1222 2682 1364 2760 sextum
1378 2695 1416 2765 in
1429 2694 1583 2775 secundo

247 2775 334 2846 folio
353 2773 457 2851 Certo
474 2818 482 2835 ·
501 2778 551 2851 Et
564 2781 602 2850 in
613 2780 884 2855 mercurialibus
897 2785 1413 2893 iualiovoluminecoopertue
1428 2810 1584 2900 pellibus

247 2890 419 2961 viridibus
429 2890 628 2964 insecundo
639 2892 755 2989 foli0[
858 2893 1074 2988 Mutuus
1084 2902 1129 2973 de
1139 2907 1272 3000 regulis
1283 2913 1370 2986 iuria
1379 2918 1418 2988 in
1427 2922 1583 3011 pellibus

246 3000 419 3073 viridibus
432 3004 468 3073 in
482 3002 637 3078 secundo
648 3004 733 3077 folio
744 3006 812 3078 ciat
824 3046 833 3063 ·
846 3005 880 3078 u
891 3006 1046 3082 Lectura
1057 3009 1162 3107 super
1171 3017 1369 3098 decretales
1378 3028 1417 3100 in
1429 3030 1583 3109 secundo

246 3113 333 3185 folio
345 3112 463 3189 Credit
474 3114 634 3211 coelestum
648 3157 656 3175 ·
670 3117 825 3191 Lettura
836 3118 1044 3217 Innocencij
1056 3126 1094 3195 in
1104 3125 1272 3204 alteribus
1281 3136 1320 3205 in
1330 3135 1486 3217 secundo
1496 3148 1582 3222 folio

245 3224 346 3298 Sedis
357 3222 416 3298 :tl
433 3226 629 3321 Speculum
642 3230 810 3301 iudiciale
820 3233 858 3302 in
871 3226 1027 3305 secundo
1040 3237 1126 3309 folio
1135 3238 1291 3338 stapulo
1308 3287 1316 3306 ·
1335 3249 1492 3329 {lAlind
1506 3260 1583 3355 spe·

245 3338 367 3410 culum
382 3339 549 3411 iudiciale
561 3342 600 3411 in
617 3336 772 3413 secundo
789 3342 876 3413 folio
893 3342 1034 3418 Mittere
1049 3348 1105 3419 41
1119 3348 1309 3430 Roffredus
1326 3364 1371 3433 de
1388 3369 1513 3443 ordine
1528 3375 1583 3446 iu-

245 3450 421 3521 diciorum
438 3452 475 3522 in
493 3449 648 3525 secundo
664 3453 751 3525 folio
767 3454 841 3526 rius
865 3492 874 3513 ·
900 3454 1191 3555 Extrauagantea
1206 3465 1383 3547 Johannis
1394 3500 1487 3574 pape
1503 3490 1580 3580 xxij

244 3558 434 3654 glollatum
444 3585 509 3656 per
519 3560 739 3636 Geffelinum
753 3589 836 3638 cum
848 3580 1021 3662 apparatu
1033 3570 1214 3649 Willelmi
1228 3580 1273 3653 de
1286 3598 1410 3661 monte
1423 3591 1581 3670 lauduno

245 3670 351 3767 snper
361 3673 597 3748 clementinas
607 3678 645 3747 in
655 3673 811 3749 secundo
822 3679 909 3752 folio
918 3680 1011 3775 Acfi
1022 3725 1030 3741 ·
1044 3684 1580 3782 dheduraWillelmiTarleth

244 3782 350 3878 super
374 3783 516 3859 sextum
533 3790 570 3858 iu
597 3790 720 3882 papiro
737 3790 775 3861 in
792 3787 947 3864 secundo
965 3795 1052 3867 folio
1068 3795 1187 3871 Solum
1203 3800 1281 3884 dere
1304 3847 1313 3863 ·
1341 3809 1376 3880 (l
1392 3812 1577 3892 Rosarium

245 3897 482 3971 archidiaconi
499 3896 537 3971 su
540 3922 605 3994 per
621 3901 807 3973 decretum
827 3903 866 3975 iu
883 3906 1023 3979 duobus
1040 3909 1283 3988 voluminibus
1306 3924 1462 4012 primum
1480 3932 1580 4005 volu-

244 4032 328 4080 men
355 4010 393 4081 in
410 4007 566 4083 secundo
582 4011 668 4084 folio
683 4013 745 4107 jas
768 4014 923 4089 actarde
946 4016 1141 4093 secundum
1168 4026 1338 4103 volumen
1360 4037 1398 4108 in
1424 4037 1579 4117 secundo

244 4121 331 4192 folio
342 4118 479 4195 Marcei
495 4122 550 4193 ·n
563 4123 819 4219 Repertcrium
829 4126 988 4224 magistri
1002 4130 1182 4207 Willelmi
1197 4136 1362 4216 Durundi
1374 4149 1411 4219 in
1423 4149 1578 4228 secundo

243 4228 424 4307 folioNorr
433 4236 527 4307 ceni'·
542 4234 738 4310 usamma
746 4239 905 4312 monaldi
914 4240 1111 4317 insecundo
1121 4247 1299 4324 folioItrm
1308 4254 1405 4331 obbas
1414 4298 1424 4317 ·
1434 4262 1469 4333 (l
1480 4264 1580 4340 Mar.

245 4348 382 4418 tiniana
400 4347 626 4419 decretorum
652 4357 690 4421 et
716 4350 951 4424 decretalium
969 4379 1051 4427 curn
1069 4358 1316 4438 sacramentali
1339 4368 1514 4449 Willelmi
1532 4383 1577 4453 de

246 4456 378 4529 Monte
388 4458 545 4531 heudino
557 4460 596 4530 in
610 4482 680 4532 vno
694 4461 887 4536 uolumine
899 4467 937 4537 in
954 4465 1109 4542 secundo
1119 4472 1206 4570 folio
1218 4473 1353 4553 Praeti
1369 4523 1378 4540 ·
1397 4484 1576 4565 ll'Sextus

244 4580 283 4639 et
301 4568 530 4645 Clementine
546 4594 628 4644 cum
646 4572 782 4647 iedura
792 4576 818 4648 J
819 4578 970 4651 ohannis
986 4579 1135 4655 Andree
1147 4586 1185 4655 in
1202 4584 1356 4665 secundo
1367 4594 1452 4669 folio
1468 4598 1578 4679 Laba
