4050 5534
453 627 521 693 134
957 620 1264 695 REGISTRUM
1631 623 1781 719 [secum

450 822 545 891 Item
564 821 782 892 clementino
800 818 938 916 glosate
954 821 991 891 in
1009 817 1165 893 secundo
1183 820 1269 892 folio
1285 818 1512 895 Nouemtns·

450 932 545 1004 Item
563 933 761 1005 decretales
778 931 914 1028 glosate
931 932 969 1002 in
986 929 1143 1005 secundo
1160 932 1247 1004 folio
1274 930 1424 1027 Vtflnt·

363 1144 365 1149 Ι
449 1044 544 1116 Item
564 1042 749 1250 degequm
769 1057 873 1117 vetus
891 1045 1018 1137 incipit
1035 1046 1072 1115 in
1090 1041 1247 1117 secundo
1271 1046 1359 1117 folio
1386 1045 1477 1137 Quia
1496 1048 1674 1144 conflare·
1694 1046 1785 1141 [ne-

500 1168 662 1250 peritur·

881 1493 1066 1587 Incipiunt
1084 1514 1187 1563 mem
1205 1514 1350 1566 cuonr-

450 1718 494 1789 In
522 1720 644 1813 primis
669 1742 733 1813 pro
759 1715 863 1791 stallo
888 1714 1041 1811 episcopi
1069 1739 1179 1788 vnum
1202 1721 1428 1812 portiforium
1455 1720 1671 1793 insecundo
1698 1720 1786 1791 folio

500 1831 555 1904 Et
567 1831 726 1930 custodial
743 1872 750 1887 ·

451 1944 546 2015 Item
565 1967 628 2037 pro
647 1942 749 2015 stallo
767 1942 892 2014 decani
910 1963 1021 2011 vnum
1039 1942 1329 2034 antiphonarium
1346 1968 1430 2016 cum
1448 1943 1618 2040 psalterio
1634 1948 1671 2015 in
1698 1945 1788 2015 duo-

500 2060 567 2129 bus
584 2056 824 2129 voluminibus
841 2059 878 2125 in
896 2050 1052 2125 secundo
1069 2052 1155 2127 folio
1173 2056 1279 2147 primi
1296 2056 1492 2129 voluminis
1513 2055 1759 2129 Paterninum
1778 2097 1787 2112 ·

500 2170 550 2241 Et
561 2172 598 2239 in
609 2167 763 2240 secundo
775 2166 859 2237 folio
871 2164 1016 2237 secundi
1027 2164 1219 2238 voluminis
1229 2164 1308 2261 post
1320 2166 1527 2262 psalterium
1539 2168 1595 2241 Et
1605 2168 1782 2241 dommus·

451 2284 501 2355 Et
518 2305 629 2353 vnum
647 2280 790 2375 gradale
808 2280 980 2372 incipiens
998 2278 1036 2347 in
1052 2274 1209 2349 seeundo
1226 2278 1314 2350 folio
1331 2276 1473 2353 Intende
1489 2304 1557 2377 qua
1571 2280 1734 2353 Moo-

449 2395 544 2467 Item
559 2418 623 2489 pro
637 2392 740 2465 stallo
753 2392 907 2463 cantoris
921 2412 1032 2459 vnum
1045 2388 1334 2483 antiphonarium
1348 2415 1431 2464 curn
1444 2392 1612 2486 psalterio
1629 2392 1789 2465 l'ecundo

500 2509 585 2580 folio
602 2506 718 2579 tetam
735 2502 888 2577 niminis
905 2542 914 2559 ·

451 2622 500 2693 Et
518 2644 628 2691 vnum
646 2617 790 2713 gradale
807 2616 981 2709 incipiens
998 2616 1036 2685 in
1054 2616 1163 2685 tertio
1181 2614 1266 2686 folio
1283 2612 1404 2688 Fortia
1416 2642 1484 2714 90·
1503 2658 1511 2673 ·
1531 2658 1539 2673 .
1559 2660 1567 2675 .

450 2735 546 2809 Item
576 2735 621 2805 ad
642 2730 785 2803 stallum
812 2726 1023 2799 cancellarie
1050 2750 1161 2798 vnum
1186 2728 1411 2821 portiforium
1438 2725 1512 2800 sane
1538 2727 1707 2822 psalterio
1734 2728 1790 2801 se-

499 2848 616 2917 cnndo
634 2843 719 2915 folio
737 2884 745 2899 ·
766 2840 860 2913 Ecce
875 2840 963 2911 venit
979 2864 1067 2910 rec·

450 2960 499 3031 Et
517 2982 627 3029 vnum
644 2954 851 3050 psalterium
869 2974 951 3023 eum
968 2950 1093 3022 multis
1109 2950 1189 3044 alijs
1207 2953 1244 3021 in
1260 2947 1417 3024 secundo
1433 2952 1520 3024 folio
1539 2952 1707 3049 Esus-ient
1725 2995 1734 3010 ·

450 3072 499 3143 Et
526 3094 635 3140 vnum
661 3065 866 3161 psalterium
894 3086 940 3135 ex
966 3064 1061 3133 dono
1086 3060 1245 3157 magistri
1271 3062 1441 3136 Duncani
1471 3066 1517 3135 de
1543 3065 1711 3158 Lychton
1750 3069 1789 3136 in

499 3182 654 3255 secundo
671 3180 756 3251 folio
774 3176 907 3251 chace
924 3218 932 3233 ·

450 3298 544 3368 Item
563 3294 608 3366 ad
627 3289 770 3364 stallum
788 3284 1005 3361 thesaurarie
1024 3309 1134 3357 nuum
1160 3287 1449 3380 antiphonarium
1469 3290 1505 3359 in
1523 3286 1681 3361 secundo
1697 3289 1789 3361 solio

510 3407 606 3479 Vum
622 3402 654 3477 ei
670 3443 678 3460 ·

450 3524 546 3594 Item
565 3539 674 3589 vnum
693 3512 838 3610 gradale
855 3514 893 3583 in
911 3509 1067 3583 secundo
1083 3509 1170 3582 folio
1187 3508 1278 3583 tolita
1288 3497 1434 3608 portas·

450 3636 499 3707 Et
517 3656 627 3705 vnum
645 3627 850 3724 psalterium
868 3627 905 3695 in
923 3622 1079 3696 secundo
1096 3622 1182 3693 folio
1203 3619 1322 3696 Tunc·

450 3747 546 3819 Item
572 3746 617 3815 ad
643 3738 788 3813 stallum
813 3737 1053 3810 archidiaconi
1078 3758 1189 3806 vnum
1213 3736 1505 3830 antiphonarium
1522 3733 1597 3808 sme
1614 3736 1789 3831 psalterio

498 3862 535 3930 in
554 3854 706 3927 secundo
724 3850 809 3923 folio
828 3848 899 3940 Qui
911 3850 1000 3947 repas
1017 3845 1130 3944 Israel
1142 3846 1299 3919 inunde-

451 3972 576 4045 Vnnm
594 3964 800 4062 psalterium
817 3964 854 4033 in
872 3962 1027 4035 secundo
1045 3959 1131 4031 folio
1150 3958 1328 4057 Eosoper
1343 3958 1461 4056 Spon-

450 4082 498 4154 Et
525 4074 776 4175 procellionale
802 4076 838 4145 in
864 4072 1020 4146 secundo
1046 4072 1131 4144 folio
1157 4070 1401 4169 Myercditnr·
1421 4072 1546 4143 datum
1572 4094 1637 4166 per
1657 4072 1791 4168 magis·

498 4205 595 4266 trum
611 4189 786 4261 Thomam
803 4186 1085 4281 Thenynghame
1102 4184 1394 4257 archidiaconum
1410 4194 1499 4255 tunc
1516 4186 1691 4278 temporis
1710 4240 1719 4255 .

448 4306 544 4378 Item
561 4304 606 4375 ad
624 4297 767 4372 stallum
785 4300 830 4370 de
849 4297 1033 4371 Methlaik
1059 4296 1258 4390 temporale
1283 4291 1358 4367 fine
1383 4292 1552 4390 psalterio
1568 4298 1606 4367 in
1626 4294 1789 4370 secundo

497 4416 583 4487 folio
599 4410 819 4485 Pecoutmum
837 4451 844 4467 ·

451 4528 498 4599 Et
516 4548 626 4597 vnum
646 4522 790 4619 gradale
808 4524 845 4593 in
864 4523 971 4594 tertio
989 4520 1075 4592 folio
1092 4519 1257 4592 Animum
1275 4541 1405 4591 meum·
