4050 5534
296 594 389 690 nvn]
757 601 1165 676 ABERDONENSE.
1567 613 1636 688 103

296 798 407 868 eidem
435 802 611 894 expedire
638 826 702 895 pro
728 812 894 897 tempore
919 803 1104 874 videbitur
1131 825 1204 872 non
1232 804 1405 874 continue
1432 801 1493 874 sed
1525 807 1635 877 inter·

290 909 449 999 pellatim
484 911 661 1005 pulsando
689 953 698 971 ·
725 915 921 985 maioribus
951 923 1076 984 autem
1107 915 1290 1006 campanis
1325 908 1473 1008 singulis
1507 917 1635 987 diebus

289 1045 516 1113 perannum
546 1025 692 1117 quando
722 1025 887 1097 canonici
914 1022 997 1095 sunt
1025 1033 1268 1116 exequutores
1294 1025 1381 1096 hora
1412 1028 1522 1098 tertia
1556 1023 1635 1121 post

287 1135 473 1206 meridiem
509 1135 555 1207 ad
589 1133 754 1229 vesperas
781 1137 920 1208 vicibus
947 1137 1063 1207 tribus
1092 1137 1232 1207 iteratis
1267 1159 1340 1206 non
1370 1138 1528 1228 inequali
1558 1149 1633 1210 tarn

283 1249 399 1337 primo
416 1244 574 1318 secundo
600 1269 709 1339 quam
736 1249 847 1319 tertio
873 1245 1033 1340 pullibns
1057 1269 1164 1338 quam
1191 1249 1290 1340 prius
1308 1248 1353 1318 ad
1371 1251 1570 1320 matutinas
1595 1262 1634 1322 et

280 1354 423 1429 missam
435 1399 445 1414 ·
457 1361 607 1430 tertium
621 1359 710 1430 hora
725 1368 854 1451 quarta
867 1359 1096 1430 terminando
1110 1397 1117 1414 ·
1132 1359 1302 1451 deinceps
1316 1359 1402 1430 hora
1413 1361 1541 1433 ostana
1551 1385 1633 1433 cum

274 1472 380 1541 auu
399 1467 560 1542 eiusdem
587 1467 728 1564 pulsum
755 1471 866 1542 faciet
882 1471 1011 1541 humili
1039 1493 1214 1562 campana
1231 1472 1274 1542 ad
1295 1473 1399 1542 vuius
1416 1473 1503 1544 hore
1529 1497 1633 1565 quar-

270 1597 353 1652 tam
372 1591 519 1674 partem
538 1582 766 1674 perdurando
790 1604 855 1673 pro
872 1582 1061 1653 animabus
1079 1583 1239 1651 omnium
1267 1582 1429 1652 fidelium
1448 1584 1633 1656 defuncto-

263 1717 357 1764 rum
386 1692 530 1764 ·Huno
554 1694 702 1764 modum
734 1695 772 1763 in
798 1691 1001 1785 pulsatione
1029 1715 1283 1786 campanarum
1312 1717 1376 1786 per
1402 1705 1520 1766 totum
1547 1701 1631 1767 anni

260 1803 463 1876 circulum
491 1787 711 1899 generaliter
740 1801 945 1875 obseruabit
975 1813 1050 1874 tam
1083 1806 1120 1874 in
1148 1805 1279 1897 hyeme
1310 1827 1418 1896 quam
1449 1809 1485 1876 in
1518 1804 1631 1878 estate

259 1917 452 1989 faciendo
475 1914 615 2010 semper
640 1915 881 1986 differentiam
909 1917 1007 1987 inter
1035 1911 1125 1987 festa
1153 1918 1288 1987 maiora
1308 1919 1447 1988 minora
1473 1928 1511 1989 et
1536 1923 1633 2011 prin-

257 2028 414 2122 cipalia
438 2051 507 2099 nec
536 2050 610 2098 non
639 2037 677 2097 et
705 2027 782 2097 dies
812 2027 959 2098 feriatos
994 2067 1002 2083 ·
1033 2026 1103 2098 Pro
1129 2029 1245 2120 prima
1271 2051 1355 2098 vero
1387 2025 1486 2100 milla
1515 2034 1633 2122 quoti-

255 2143 329 2212 die
351 2140 489 2210 nouies
513 2162 578 2232 per
603 2140 740 2208 tattnm
759 2137 903 2208 maioris
927 2161 1102 2230 campane
1130 2139 1313 2210 intonabit
1341 2149 1428 2210 ante
1453 2135 1553 2210 mille
1579 2144 1632 2212 in-

256 2253 514 2324 choationem
542 2273 607 2345 per
623 2260 788 2341 quartem
813 2259 954 2341 partem
980 2249 1069 2318 hore
1087 2284 1095 2301 ·
1115 2248 1211 2320 Item
1237 2249 1454 2343 gubernabit
1473 2263 1511 2320 et
1528 2263 1632 2346 reget

254 2363 509 2456 horalogium
527 2371 566 2432 et
583 2362 679 2432 idem
706 2360 903 2432 secundum
927 2356 1070 2431 cursum
1096 2369 1171 2431 tam
1190 2361 1235 2430 de
1254 2361 1312 2431 die
1330 2383 1438 2451 quam
1465 2363 1510 2432 de
1528 2365 1632 2436 nette

257 2484 488 2568 temperate
512 2483 552 2544 et
573 2470 726 2544 discrete
752 2468 932 2543 custodire
958 2471 1069 2542 dehet
1087 2511 1095 2527 ·
1115 2470 1212 2541 Item
1238 2468 1380 2542 seruare
1398 2483 1435 2542 et
1453 2470 1632 2546 custodire

257 2590 392 2677 debet
411 2580 600 2656 ecclesiam
628 2583 873 2655 cathedralem
891 2593 966 2653 tam
986 2583 1032 2654 de
1050 2583 1108 2653 die
1127 2605 1233 2674 quam
1264 2584 1309 2654 de
1331 2585 1437 2654 noste
1455 2593 1493 2656 et
1511 2589 1632 2658 omniu

257 2696 501 2771 vestimenta
525 2695 694 2768 altarium
718 2692 878 2766 eiusdem
896 2703 935 2764 et
958 2690 1141 2788 signanter
1167 2691 1295 2763 summi
1322 2695 1446 2766 altaris
1472 2707 1510 2767 et
1536 2702 1632 2790 capi·

258 2812 344 2883 tuli
366 2808 481 2878 libros
499 2808 598 2879 chori
616 2831 659 2878 ae
675 2808 798 2878 omnia
814 2806 886 2878 alia
902 2806 998 2876 bona
1014 2815 1053 2876 et
1069 2829 1126 2876 res
1144 2807 1182 2876 in
1200 2803 1297 2877 dicta
1310 2803 1460 2878 ecclesia
1477 2805 1631 2879 existen-

258 2927 323 2996 tia
343 2930 390 2991 vt
415 2921 522 2991 decet
540 2959 548 2975 ·
567 2917 769 3010 diuinisque
794 2917 950 3010 expletis
977 2914 1193 2989 vestimenta
1220 2917 1392 2988 decenter
1418 2917 1568 3010 plicabit
1592 2933 1631 2990 et

261 3041 306 3107 iu
328 3034 428 3104 locis
444 3033 490 3103 ad
507 3032 575 3102 hoc
593 3030 767 3101 ordinatis
780 3031 943 3121 imponat
962 3069 970 3085 ·
990 3027 1087 3098 Item
1102 3024 1289 3100 ecclesiam
1307 3038 1346 3099 et
1363 3029 1511 3100 chorum
1529 3053 1631 3102 mun-

263 3148 384 3219 dabit
402 3165 487 3214 cum
504 3141 693 3235 capitulari
720 3141 827 3210 domo
844 3138 1006 3231 qualibet
1024 3141 1082 3210 die
1105 3138 1243 3210 sabbati
1261 3141 1306 3211 ab
1324 3142 1422 3210 omni
1440 3144 1631 3233 putredine

263 3256 496 3355 puluerihus
516 3255 655 3325 fecibus
672 3262 711 3324 et
728 3253 925 3323 immundis
952 3251 1110 3344 vndique
1128 3274 1192 3344 per
1209 3252 1370 3321 inedium
1396 3254 1575 3325 cancellos
1593 3267 1631 3325 et

264 3370 411 3444 altaria
435 3369 488 3438 ita
504 3365 600 3458 quod
627 3365 749 3435 omnia
765 3365 803 3433 in
821 3358 971 3434 ecclesia
989 3361 1060 3434 Dei
1078 3363 1214 3434 munda
1232 3359 1302 3432 smt
1320 3373 1358 3433 et
1377 3364 1493 3436 nitida
1516 3403 1524 3420 ·
1549 3389 1631 3458 pur-

266 3483 457 3577 gabitque
483 3472 658 3549 fenestras
675 3476 769 3546 diue
786 3470 936 3546 ecclesie
960 3475 1190 3565 vndiquaque
1216 3474 1262 3544 ab
1287 3477 1385 3543 omni
1404 3476 1546 3546 macula
1564 3501 1630 3546 nec

269 3617 353 3664 non
381 3591 539 3683 parietes
568 3613 591 3659 a
620 3587 832 3682 pulueribus
861 3595 900 3657 et
929 3608 1118 3657 arenarum
1146 3585 1230 3656 telis
1260 3582 1407 3677 aliisque
1435 3585 1630 3659 inhonestis

269 3699 555 3797 quibuscunque
580 3701 790 3791 quinymmo
818 3706 857 3767 et
882 3697 1068 3790 ymagines
1093 3705 1132 3766 et
1155 3692 1282 3766 solium
1309 3695 1429 3767 sanita
1450 3699 1566 3769 crucis
1592 3713 1629 3768 et

269 3819 348 3888 hoc
366 3822 497 3905 quater
514 3813 551 3882 ln
568 3833 663 3882 anno
682 3849 690 3866 ·
709 3810 960 3903 pauimentum
984 3817 1108 3878 autem
1133 3806 1296 3897 quolibet
1314 3807 1372 3877 die
1390 3805 1528 3879 sabbati
1546 3833 1628 3880 cum

272 3949 375 4019 aqna
391 3932 430 3994 et
447 3920 561 4016 scopis
577 3922 623 3992 ab
641 3923 739 3991 omni
768 3918 937 4012 purgabit
963 3918 1155 4010 putredine
1173 3958 1181 3974 ·
1202 3917 1298 3988 Item
1325 3919 1543 3989 cimiterium
1561 3919 1629 3990 ser-

275 4038 383 4108 uabit
402 4033 449 4105 ah
466 4028 620 4127 ingressu
637 4031 847 4102 animalium
866 4051 1055 4121 porcorum
1075 4028 1246 4099 videlicet
1264 4051 1436 4120 equorum
1456 4039 1494 4100 et
1519 4031 1627 4101 boum

277 4142 378 4218 follis
406 4141 620 4215 construitis
639 4153 678 4212 vt
699 4142 805 4213 decet
823 4179 832 4196 ·
852 4139 948 4211 Item
975 4137 1132 4210 l'eruahit
1152 4140 1374 4209 ¹cimiterium
1402 4139 1447 4210 ah
1475 4139 1628 4235 ingressu

278 4256 525 4328 mercantium
542 4277 590 4324 ne
606 4255 643 4322 in
662 4246 812 4324 ecclelia
829 4259 893 4320 aut
910 4250 1088 4320 cimiterio
1114 4273 1342 4342 quocumque
1360 4259 1523 4343 tempore
1540 4253 1629 4324 fiant

279 4367 487 4441 mereancie
500 4373 565 4437 aut
574 4365 737 4434 nundine
749 4371 825 4432 tam
839 4362 876 4430 in
890 4361 987 4454 ferijs
1000 4383 1107 4452 quam
1121 4357 1268 4430 infestis
1282 4369 1321 4430 et
1334 4384 1629 4456 quarumcunque

278 4503 402 4553 rerum
421 4470 696 4549 comestibilium
723 4471 779 4543 vel
805 4494 878 4542 non
905 4466 1183 4542 comestibilium
1201 4509 1208 4525 ·
1228 4470 1324 4541 Item
1343 4468 1498 4544 seruabit
1516 4476 1630 4548 eccle·
