4050 5534
247 667 346 761 xva]
714 660 1122 738 nuuaoouonsu.
1320 613 1325 621 ’
1523 674 1591 740 au

562 978 863 1051 Auuruunsaara
889 998 1029 1052 unusrs
1047 978 1267 1052 Foaaoaau
1286 1022 1294 1036 ·

295 1206 405 1277 Nono
433 1200 616 1298 Febmarij
652 1198 936 1274 anniuersarium
970 1226 1035 1297 pro
1070 1205 1193 1277 anima
1226 1200 1387 1299 magistri
1411 1202 1591 1277 Johaunio

244 1316 413 1391 Flesoher
448 1316 536 1389 olim
575 1312 778 1410 cancellarij
819 1312 1080 1387 Abirdonansra
1114 1340 1165 1387 xx
1199 1318 1230 1388 ἔ.
1265 1318 1327 1410 qui
1366 1316 1460 1413 obijt
1494 1342 1590 1391 anuo

243 1430 392 1502 Domini
405 1448 588 1503 moxxn.
603 1428 647 1499 de
665 1438 761 1499 terra
772 1428 953 1520 quondam
963 1426 1167 1501 Alexandri
1180 1428 1302 1500 Rooht
1314 1452 1413 1501 nuno
1427 1431 1465 1501 in
1476 1434 1590 1503 maui-

241 1543 310 1614 bua
326 1541 529 1613 Alexandri
547 1537 672 1612 Fresor
689 1540 852 1611 tindoria
870 1576 878 1595 ·
896 1538 1041 1611 iacente
1058 1543 1096 1611 iu
1114 1539 1152 1634 ly
1168 1562 1281 1634 greyn
1299 1540 1562 1615 Abirdonenli·

293 1762 479 1862 Vigefimo
521 1762 624 1837 sexto
660 1762 843 1859 Februarij
880 1763 1162 1837 anniuersarium
1195 1789 1262 1860 pro
1295 1768 1418 1840 anima
1451 1769 1588 1842 domini

242 1880 379 1952 Thome
408 1876 518 1949 Traill
545 1900 597 1948 xx
622 1877 652 1949 ἓ.
684 1875 729 1947 da
753 1879 860 1948 certio
887 1877 991 1948 terris
1017 1878 1111 1950 infra
1138 1878 1311 1972 oppidum
1336 1878 1588 1953 Abirdonenso

242 2002 348 2087 prout
364 1993 403 2061 iu
420 1990 529 2063 cartis
554 1985 707 2081 desuper
731 1990 904 2061 confertis
921 1989 967 2061 ad
985 1987 1134 2085 longum
1160 1991 1396 2062 continetur·
1415 1992 1586 2066 videlicet

243 2104 287 2177 de
303 2115 401 2178 terra
417 2102 505 2173 olim
529 2101 682 2174 Roberti
709 2094 827 2194 Pypar
846 2124 943 2172 nuuc
967 2099 1170 2174 Alexandri
1198 2099 1406 2174 Ronaldson
1426 2100 1588 2175 suorum-

243 2241 312 2311 que
338 2216 512 2288 heredum
534 2215 569 2308 vj
586 2217 616 2286 i.
644 2210 704 2306 viij
724 2210 761 2285 d.
780 2213 825 2284 de
842 2223 939 2285 terra
965 2212 1116 2287 Henrioi
1134 2211 1331 2287 Mersoball
1356 2216 1390 2309 vj
1417 2219 1447 2290 ἔ.
1465 2219 1526 2312 viij
1550 2215 1585 2289 d.

244 2330 294 2402 Et
310 2331 357 2401 de
373 2328 488 2401 orofto
507 2324 665 2398 Walteri
685 2320 812 2418 Lellyo
833 2334 1008 2420 occupato
1026 2348 1092 2419 per
1113 2327 1367 2401 Alexandrum
1384 2327 1486 2425 Cayn
1503 2333 1537 2425 vj
1556 2332 1584 2401 i.

244 2445 302 2538 viij
321 2440 357 2515 d.
401 2440 553 2513 Summa
569 2462 621 2512 xx
637 2441 682 2511 'A'
1454 2455 1458 2467 '

588 2774 892 2848 Auurunnsama
909 2794 1047 2847 unusro
1063 2772 1215 2847 Maura
1233 2816 1242 2833 ·

286 3002 448 3097 Septimo
473 3000 599 3099 Martij
619 3000 901 3074 anniuersarium
919 3024 984 3095 pro
1001 2998 1189 3073 animabus
1208 2999 1388 3075 Willelmi
1407 3005 1586 3102 Gallouay

245 3126 281 3187 et
298 3114 471 3187 Mariorie
490 3113 686 3186 Mortimar
710 3112 773 3185 lire
798 3111 923 3207 sponse
950 3114 1062 3207 patria
1078 3122 1117 3183 et
1134 3116 1261 3185 matris
1279 3118 1495 3191 venerabilis
1518 3122 1584 3191 viri

245 3342 287 3413 ad
304 3339 445 3411 obitum
470 3334 580 3432 ipsius
604 3334 764 3432 magistri
791 3336 993 3409 Alexandri
1011 3346 1052 3409 rt
1067 3337 1106 3407 iu
1124 3344 1466 3416 commemoratione
1482 3342 1585 3418 milla

245 3452 450 3545 quotidiana
479 3473 544 3545 per
574 3450 730 3522 eundem
758 3451 909 3522 lundata
950 3449 1159 3521 continetur
1194 3493 1203 3508 ·
1234 3451 1281 3523 de
1319 3455 1443 3528 oroftis
1472 3456 1586 3527 ditto-

244 3588 321 3637 rum
339 3564 553 3635 vicariorum
576 3563 713 3634 vocatis
731 3561 860 3657 Grynio
885 3562 1009 3633 croftis
1035 3559 1074 3630 iu
1094 3560 1212 3656 Futye
1229 3564 1431 3638 iacentibus
1456 3605 1465 3623 ·
1486 3591 1582 3641 nuno

245 3676 395 3749 Dauidia
413 3675 538 3769 Quhyt
555 3675 593 3745 iu
610 3674 814 3747 feudifirma
831 3714 839 3731 ·

292 3902 445 3975 Docimo
464 3896 593 3994 Martij
611 3896 894 3971 anniuersarium
912 3921 976 3992 pro
993 3900 1115 3970 anima
1131 3898 1291 3994 magistri
1305 3899 1456 3976 Hemici
1473 3898 1582 4000 Rynd

245 4016 329 4087 olim
346 4009 554 4107 thesaurarij
574 4005 849 4083 Aberdouenfio
870 4048 878 4067 ·
908 4010 958 4103 liij
983 4012 1013 4083 ἔ.
1034 4008 1085 4106 iiij
1112 4008 1149 4083 d.
1190 4009 1249 4083 De
1265 4014 1389 4085 croftio
1407 4016 1583 4090 ditiorum

246 4127 454 4199 ricariomm
485 4146 583 4195 nuno
608 4124 647 4195 in
676 4121 843 4194 manibus
869 4119 1029 4218 magistri
1056 4122 1233 4197 Johannis
1267 4122 1465 4199 Gordoune
1500 4128 1583 4203 bur·

245 4234 359 4334 gensis
385 4232 645 4310 Abirdonenfis
671 4275 679 4292 ·
699 4235 900 4307 iacentibus
917 4235 1013 4330 apud
1039 4234 1400 4330 domosleprosomm
1418 4254 1583 4335 exparte

246 4350 435 4424 orientali·
454 4351 515 4443 qui
533 4346 625 4443 obijt
643 4370 737 4419 anuo
757 4346 904 4419 Domini
925 4366 1165 4420 uccccnxx.

297 4462 456 4562 [Eodem
475 4464 533 4534 dia
550 4460 794 4534 celebrabitur
811 4456 1093 4532 anniuersarium
1110 4460 1300 4545 reuerendi
1323 4464 1435 4555 patris
1452 4463 1587 4540 Gauini

247 4574 400 4671 episcopi
426 4568 685 4653 Abirdouensrs
714 4572 906 4645 fundatum
938 4594 1001 4665 per
1031 4571 1188 4643 eundem
1215 4582 1254 4644 et
1280 4570 1415 4647 soluen'
1438 4573 1603 4677 fingulio
