4050 5534
227 655 327 752 xrrn]
694 656 1099 732 ABERDONENSE.
1523 671 1569 744 17

228 868 393 929 curantur
419 879 493 928 uon
522 879 594 949 quo
624 858 874 951 percipiuntur
900 860 1065 952 accipere
1092 859 1267 932 debemus
1291 869 1330 932 et
1354 861 1422 934 hoc
1450 862 1566 956 ipsum

227 972 316 1042 inter
333 967 560 1065 episcopatus
577 967 787 1042 obseruatur
804 1011 812 1026 ·

649 1191 883 1266 XXXVIII.
911 1193 969 1267 De
988 1197 1143 1268 eodem·

228 1419 316 1490 Item
344 1417 536 1492 statuimus
562 1415 590 1492 fi
614 1419 850 1513 parochianus
877 1418 1029 1491 alicuius
1057 1416 1207 1496 ecelefie
1232 1444 1296 1516 per
1321 1420 1482 1495 mensem
1508 1425 1565 1495 vel

227 1531 314 1603 vitra
335 1541 484 1626 propter
505 1532 651 1604 herbam
680 1552 763 1603 cum
787 1527 857 1601 suis
883 1531 1013 1624 cueriJs
1030 1533 1069 1603 in
1085 1532 1157 1606 alia
1181 1535 1349 1628 parochia
1369 1559 1566 1608 commore-

227 1655 281 1714 tur
297 1645 334 1715 id
351 1645 448 1737 quod
465 1641 570 1739 supra
586 1641 723 1716 dictum
741 1639 795 1714 est
813 1643 858 1713 de
875 1642 1004 1714 ouibus
1022 1643 1232 1717 obseruator
1249 1687 1257 1703 ·

671 1865 863 1939 XXXIX.
891 1866 948 1938 De
966 1868 1094 1940 eodem
1112 1907 1120 1923 ·

228 2093 317 2165 Item
345 2090 535 2166 statuimus
560 2095 656 2187 quod
683 2091 894 2166 animalium
921 2115 992 2184 que
1020 2093 1155 2164 cubant
1178 2095 1217 2164 in
1234 2116 1305 2166 vna
1331 2097 1499 2189 parochia
1526 2107 1564 2167 et

227 2204 370 2298 pascunt
397 2209 434 2276 in
461 2206 533 2278 clia
562 2230 627 2299 per
653 2215 772 2278 totum
797 2227 933 2276 annum
958 2205 1098 2276 decime
1121 2205 1331 2277 diuiduntur
1356 2207 1534 2300 equaliter
1555 2249 1564 2265 ·

228 2313 396 2390 flantem
423 2320 664 2390 communiter
692 2317 887 2412 pascuntur
916 2320 1133 2408 inutraque
1163 2319 1332 2410 parochia
1361 2329 1400 2390 et
1428 2321 1564 2392 cubant

227 2439 362 2500 tantum
391 2431 427 2500 in
449 2452 520 2501 vna
544 2429 607 2500 illa
631 2430 670 2500 in
695 2452 766 2522 qua
791 2430 926 2501 cubant
951 2438 1025 2500 tres
1050 2438 1170 2522 partes
1195 2432 1345 2524 recipiat
1372 2442 1411 2503 et
1437 2442 1565 2525 quarta

226 2563 298 2632 pars
316 2551 502 2613 remaneat
519 2537 667 2612 eoeleste
686 2543 723 2612 in
740 2542 842 2613 cuius
860 2541 1030 2634 parochia
1045 2538 1240 2634 pascuntur
1258 2583 1266 2599 ·

489 2764 574 2837 XL.
601 2765 659 2837 De
677 2766 818 2838 decimu
834 2765 909 2837 feni
927 2773 965 2836 et
981 2764 1272 2836 molendinorum
1291 2806 1300 2823 ·
1357 2841 1360 2847 ,

227 2987 316 3060 Item
346 2987 537 3061 statuimus
563 2991 608 3062 de
636 2991 785 3062 decimis
817 2991 891 3061 feni
916 2997 955 3060 et
981 2988 1271 3061 molendinorum
1298 2993 1393 3083 quod
1423 2995 1563 3087 integre

227 3101 467 3192 persoluentur
485 3142 493 3158 ·
512 3125 600 3194 quas
618 3099 644 3173 ii
662 3101 791 3195 aliquis
808 3099 945 3174 soluere
962 3100 1120 3172 noluerit
1140 3096 1221 3194 post
1238 3103 1372 3173 trinam
1389 3107 1564 3174 ammoni-

227 3217 358 3286 tionem
376 3217 712 3287 excommunicetur
729 3255 737 3270 ·

657 3436 762 3510 XLI.
790 3436 848 3508 De
864 3439 1096 3530 mercenarijs
1113 3478 1122 3495 ·

226 3661 319 3734 Item
341 3659 530 3734 statuimus
556 3663 651 3756 quod
675 3661 827 3734 sufficiat
843 3687 866 3735 a
880 3663 1110 3756 mercenarijs
1136 3664 1197 3756 qui
1224 3686 1332 3757 opera
1355 3662 1418 3735 sua
1440 3664 1563 3737 locant

226 3797 287 3866 pro
304 3776 451 3847 dimidia
467 3797 587 3847 marea
605 3774 662 3846 vel
683 3775 776 3846 infra
792 3777 938 3870 exigere
955 3787 1030 3847 tres
1047 3774 1249 3848 oblationes
1266 3798 1481 3870 perannum
1499 3801 1563 3870 pro

226 3887 360 3959 decima
376 3888 552 3960 mercedis
568 3909 676 3980 quam
693 3889 875 3981 recipiunt
893 3926 901 3944 ·

569 4110 695 4183 XLII.
723 4109 782 4184 De
799 4112 939 4184 decima
955 4111 1192 4206 piscationum
1211 4149 1220 4166 ·

225 4335 318 4406 Item
348 4333 539 4408 statuimus
569 4338 614 4409 de
645 4337 794 4409 decimis
825 4334 1041 4430 piscatorum
1071 4336 1166 4429 quod
1197 4334 1298 4408 nulla
1327 4336 1477 4428 persona
1506 4337 1565 4408 vel

226 4450 374 4520 sicarius
397 4447 443 4520 ab
468 4448 596 4521 alienis
620 4448 845 4543 parochianis
870 4449 1029 4520 decimas
1054 4446 1290 4542 pIseationum
1316 4450 1461 4544 exigere
1484 4473 1566 4544 pre·

240 4570 337 4633 umet
363 4555 429 4631 uisu
446 4561 616 4654 quamdiu
634 4563 671 4632 io
690 4557 752 4634 sue
768 4560 934 4655 parochia
952 4561 1076 4633 domos
1093 4561 1334 4633 conduxerint
1352 4561 1410 4635 vel
1436 4559 1566 4635 manfi-

276 4692 354 4744 vot.
374 4693 416 4744 11.
882 4695 904 4745 c
