4050 5534
289 629 368 723 xc]
748 624 1152 702 Assunooususu.
1549 636 1614 699 131

332 831 519 901 taxatione
542 829 727 902 literarum
755 832 791 899 in
819 850 888 899 vno
906 828 1090 901 volumine
1116 852 1198 901 cnm
1220 826 1388 899 alleribus
1405 830 1442 899 in
1460 825 1614 900 secundo

333 941 415 1011 lolio
433 944 471 1013 in
488 951 596 1013 textu
618 939 873 1038 Moniseflotir·

290 1050 402 1124 Prima
417 1076 499 1146 pars
516 1052 667 1125 Henrioi
686 1052 791 1146 Boyk
809 1053 983 1146 incipiens
999 1054 1038 1122 in
1056 1051 1211 1123 secundo
1229 1051 1314 1123 folio
1331 1050 1363 1121 I.
1382 1076 1413 1146 q.
1431 1054 1462 1122 α’
1480 1106 1488 1122 .

288 1162 446 1237 Secunda
462 1188 543 1258 pars
561 1164 712 1237 Henrici
731 1160 837 1259 Boyk
855 1166 893 1236 in
909 1161 1066 1235 secundo
1083 1164 1169 1235 folio
1188 1162 1356 1258 Loquitur
1371 1163 1413 1235 de
1428 1162 1556 1236 obticis
1574 1207 1582 1221 ·

288 1274 518 1349 Polioratioon
542 1276 719 1350 Jobannis
745 1276 873 1349 Sarum
899 1276 1075 1370 incipiens
1109 1279 1145 1347 in
1175 1276 1330 1348 secundo
1364 1275 1450 1347 folio
1474 1274 1611 1373 Linpuo

328 1413 379 1459 mo
401 1414 455 1460 rs·

283 1414 439 1573 Vestibla
456 1513 495 1574 et
512 1503 603 1575 liber
620 1504 664 1573 de
682 1495 928 1573 ecclesiasticis
946 1500 1071 1595 officijs
1088 1503 1126 1573 in
1143 1525 1214 1571 vno
1236 1500 1419 1572 volumine
1438 1503 1474 1571 in
1493 1498 1609 1572 alleri-

325 1613 391 1683 bus
409 1612 564 1686 secundo
583 1613 668 1686 folio
690 1612 838 1685 Tendit.

277 1720 530 1797 Diffinuiones
564 1726 797 1798 decretalium
832 1720 990 1819 magistri
1022 1724 1123 1795 Petri
1153 1722 1361 1796 desemine
1388 1724 1607 1797 insecundo

322 1837 408 1909 folio
427 1840 480 1910 rio
489 1836 608 1934 jobeli
625 1879 632 1895 ·

273 1948 423 2022 Summa
440 1950 595 2023 Goffridi
612 1951 658 2021 de
674 1950 791 2021 'l'ranc
809 1959 847 2020 et
864 1950 992 2042 incipit
1010 1951 1046 2019 in
1065 1947 1222 2021 secundo
1240 1949 1326 2020 folio
1338 1960 1437 2045 petus
1454 1991 1462 2004 ·

272 2059 371 2132 Ordo
389 2064 599 2134 iudiciarios
616 2086 697 2133 cum
716 2057 863 2132 diuerfis
881 2061 1093 2132 trattatibus
1109 2065 1148 2132 in
1164 2058 1318 2133 secundo
1336 2061 1422 2132 folio
1445 2058 1504 2132 Vti
1517 2062 1591 2133 ocl-
1712 2108 1723 2118 ,

268 2172 437 2245 Libellus
455 2175 591 2245 domini
609 2172 755 2245 Rofredi
774 2183 811 2244 et
829 2173 956 2266 incipit
968 2170 1138 2269 ‚elymum
1154 2173 1352 2266 diuerfitos·

264 2284 422 2357 Summa
439 2286 645 2380 Raymundi
663 2287 707 2356 de
724 2287 952 2356 matrimonio
970 2287 1007 2356 in
1026 2284 1182 2357 secundo
1199 2286 1286 2359 folio
1302 2284 1590 2357 Permutatr'oois·

260 2396 480 2469 Decretales
492 2396 632 2493 .glosatc
648 2397 862 2489 incipientes
880 2399 917 2467 in
935 2394 1091 2469 secundo
1108 2398 1194 2469 folio
1213 2400 1252 2470 in
1269 2407 1377 2469 textu
1400 2396 1442 2469 Vt
1452 2398 1554 2491 stat·
1674 2489 1678 2496 ἢ

258 2510 479 2603 Apparatus
509 2509 700 2581 Wilhelmi
727 2510 772 2580 de
803 2509 934 2581 Monte
965 2510 1123 2582 lauduno
1157 2508 1262 2604 super
1294 2509 1532 2581 Clementinis
1566 2514 1602 2582 in

307 2622 475 2695 secundo
492 2621 578 2693 folio
594 2620 706 2694 litem
723 2663 731 2679 ·

256 2736 523 2829 Repertorium
542 2733 733 2806 Wilhelmi
752 2732 914 2805 Durandi
941 2736 977 2804 in
1004 2736 1081 2804 iure
1099 2735 1271 2805 canonico
1288 2735 1327 2803 in
1344 2730 1499 2805 secundo
1518 2735 1604 2806 folio

305 2845 545 2945 Ipnorontia·

257 2957 347 3030 Vna
364 2955 469 3053 glosa
485 2958 621 3029 decreti
638 2953 712 3029 fine
730 2955 898 3029 allecibus
916 2968 953 3029 et
971 2961 1008 3028 in
1026 2955 1181 3030 secundo
1198 2955 1284 3025 folio
1300 2954 1383 3027 Hoc
1398 2957 1436 3026 in
1454 2965 1561 3029 textu
1580 3000 1587 3015 ·

256 3070 373 3141 Liber
391 3071 439 3140 de
457 3070 776 3165 extrauagantibus
793 3069 817 3139 J
820 3070 969 3141 ohannis
986 3070 1062 3162 xxij
1086 3070 1125 3139 in
1142 3062 1310 3139 alleribus
1327 3090 1410 3138 cum
1428 3086 1600 3162 apparatu

307 3177 502 3253 Gellellini
529 3191 567 3252 et
596 3184 738 3254 cronica
763 3180 869 3251 Bruti
894 3184 931 3252 in
956 3184 1028 3252 fine
1055 3202 1102 3250 ex
1119 3180 1214 3251 douo
1238 3180 1373 3250 domini
1399 3179 1601 3253 Alexandri

306 3294 611 3388 Kynnyumonde
646 3291 799 3387 episcopi
829 3290 1097 3365 Aberdonenfls
1123 3294 1184 3385 qui
1210 3293 1338 3385 incipit
1372 3294 1410 3362 in
1445 3290 1600 3365 secundo

305 3392 401 3479 folio
420 3408 458 3477 in
476 3415 582 3478 textu
599 3404 778 3479 Iudicium
797 3447 805 3463 ·
826 3420 863 3477 et
881 3408 918 3477 in
934 3404 1033 3501 glosa
1049 3402 1178 3475 Nati·

251 3518 455 3593 Tractatus
468 3520 604 3590 domini
619 3516 810 3589 Wilhelmi
828 3520 873 3590 de
892 3516 1023 3588 Monte
1041 3515 1199 3589 lauduno
1217 3516 1255 3585 in
1273 3511 1441 3587 asseribus
1454 3542 1600 3611 cooper-

303 3645 369 3705 tus
389 3654 475 3703 cum
493 3634 607 3703 corrio
633 3631 745 3703 mbeo
771 3643 809 3701 et
834 3632 960 3724 incipit
986 3628 1174 3723 Korrffmo
1190 3625 1347 3723 filiosuo
1364 3667 1373 3684 ·
1391 3639 1429 3700 et
1446 3627 1600 3702 secundo

304 3746 399 3817 folio
417 3735 568 3842 Effedtos
584 3742 756 3816 vatnam
774 3783 781 3799 ·

253 3858 463 3931 Decretum
487 3859 588 3929 ouius
608 3866 732 3928 textus
750 3858 877 3949 incipit
902 3857 940 3926 in
965 3852 1120 3926 seeundo
1146 3852 1231 3923 folio
1257 3850 1401 3924 Petitur
1425 3855 1532 3947 offitio
1552 3880 1598 3926 ex

307 3970 509 4041 donatione
533 3968 748 4041 venerabilis
773 3971 838 4039 viri
873 3964 1031 4063 magistri
1060 3965 1198 4036 Thome
1225 3964 1389 4035 Edname
1417 3968 1598 4057 quondam

309 4082 476 4155 canonici
493 4076 759 4152 Aberdonenfis
776 4120 784 4137 ·

267 4194 371 4266 Alius
396 4193 488 4265 liber
513 4190 747 4264 decretalium
772 4194 810 4262 in
835 4190 989 4263 secundo
1015 4190 1101 4262 folio
1126 4188 1183 4261 Et
1206 4186 1298 4259 illam
1323 4209 1525 4260 communem
1552 4215 1598 4263 ex

317 4306 508 4376 donatione
525 4302 683 4376 eiusdem
700 4301 859 4398 magistri
876 4304 1013 4375 'l'home
1031 4343 1039 4359 ·

275 4414 519 4509 Repertcrium
533 4414 682 4487 Henrici
696 4413 804 4510 Buyk
817 4418 853 4487 in
865 4418 988 4510 papiro
1006 4417 1044 4486 in
1061 4413 1215 4486 secundo
1228 4411 1314 4483 folio
1335 4410 1452 4485 Vtrum
1466 4414 1503 4485 in
1519 4414 1597 4489 elee-

323 4524 457 4601 tionibus
474 4550 520 4601 ex
537 4528 730 4600 donatione
747 4525 905 4601 eiusdem
922 4565 931 4582 ·
