4050 5534
445 669 519 736 304
962 661 1269 738 REGISTRUM
1627 668 1779 765 [sucum

444 871 518 935 tam
538 871 676 936 etatem
692 872 733 935 rt
750 862 973 957 premittitur
984 858 1181 936 existentes
1198 867 1236 936 in
1253 865 1440 938 ciuitatem
1459 873 1497 938 et
1510 861 1780 940 vniuerfitatem

443 977 668 1048 infeodamus
685 985 723 1046 et
748 977 816 1048 hac
833 973 998 1070 presente
1016 985 1115 1047 carta
1131 973 1251 1048 nostra
1267 979 1491 1050 infeodamus
1509 1001 1592 1050 cum
1614 979 1779 1051 omnibus

442 1089 581 1159 iuribus
604 1088 834 1160 libertatibus
861 1097 900 1160 et
923 1088 1121 1182 priuilegiJs
1151 1089 1197 1160 ad
1223 1091 1410 1162 ciuitatem
1442 1099 1481 1163 et
1510 1087 1779 1167 uniuersitatem

443 1198 684 1294 spedantibus
702 1209 740 1272 et
757 1201 847 1271 adeo
864 1200 976 1271 libere
993 1197 1085 1272 srcut
1103 1200 1223 1294 aliqua
1239 1202 1407 1274 ciuitates
1424 1200 1486 1274 seu
1499 1199 1712 1274 minerfitar
1727 1205 1781 1274 in·

443 1312 496 1382 ira
513 1335 664 1406 regnum
681 1309 842 1382 nostrum
859 1313 1065 1383 infeodetur
1081 1321 1145 1384 ant
1162 1309 1379 1406 poffidetur·
1396 1323 1435 1387 et
1452 1337 1516 1408 pro
1533 1317 1658 1386 maiori
1671 1315 1780 1386 firmi·

442 1433 520 1495 tate
537 1449 579 1496 ac
596 1423 736 1495 clariori
755 1424 923 1495 libertate
940 1424 1100 1518 predicte
1121 1426 1281 1497 ciuitatis
1298 1435 1337 1496 et
1355 1421 1598 1498 uniuersitatis
1621 1450 1689 1498 nec
1706 1448 1779 1497 non

441 1558 506 1628 pro
524 1533 667 1628 speciali
693 1537 887 1608 deuotione
904 1558 1012 1628 quum
1029 1538 1188 1630 gerimus
1206 1561 1290 1632 erga
1306 1533 1584 1632 gloriosrslimam
1605 1541 1780 1635 virginem

442 1645 601 1718 Mariam
617 1657 808 1740 patronam
828 1643 978 1719 ecclesie
995 1647 1211 1720 cathedralis
1229 1644 1490 1722 Abirdonensis
1507 1651 1545 1720 in
1563 1649 1708 1722 laudern
1741 1659 1779 1723 et

440 1759 615 1831 honorem
632 1758 792 1831 eiusdem
810 1770 848 1831 et
865 1783 930 1855 pro
941 1756 1179 1856 singularibus
1196 1763 1318 1834 fauore
1335 1763 1413 1833 zelo
1431 1772 1469 1834 et
1483 1762 1675 1834 dileitione
1692 1785 1780 1856 quos

440 1871 614 1942 habemus
625 1895 710 1966 erga
722 1873 960 1944 reuerendum
972 1875 1009 1944 in
1021 1869 1162 1944 Christo
1176 1883 1316 1966 putrem
1331 1873 1561 1946 Willelmum
1573 1875 1617 1946 de
1632 1873 1781 1968 Elphiu-

441 1979 545 2054 stoun
563 1982 723 2055 eiusdem
749 1979 896 2056 ecclesie
914 1985 1129 2056 cathedralis
1154 1986 1367 2057 modernum
1386 1985 1592 2081 episcopum
1610 1995 1649 2058 et
1664 1987 1780 2081 prela·

440 2106 520 2167 tum
534 2092 774 2168 consiliarium
786 2093 946 2168 nostrum
957 2098 1086 2167 intime
1100 2096 1272 2170 dilectum
1284 2095 1393 2170 nostri
1406 2097 1533 2170 secreti
1547 2094 1652 2193 sigilli
1666 2096 1780 2171 custo·

440 2209 524 2280 dem
542 2218 580 2279 et
597 2233 661 2301 pro
673 2207 743 2279 suis
754 2207 851 2280 fideli
867 2209 1027 2302 gmtuito
1043 2206 1193 2279 seruicio
1207 2211 1346 2305 magnis
1363 2209 1544 2282 laboribus
1562 2221 1600 2282 et
1617 2207 1780 2304 expensis

441 2317 589 2392 diuersis
626 2321 848 2414 temporibus
881 2315 1010 2391 uostris
1049 2323 1086 2392 in
1129 2319 1368 2416 legationibus
1402 2333 1441 2395 et
1482 2318 1698 2396 ambaffiatis
1736 2325 1780 2395 ad

441 2431 592 2504 Francia
626 2441 665 2504 et
690 2431 826 2527 Anglie
855 2455 957 2527 reges
986 2441 1025 2503 et
1053 2457 1163 2526 regna
1189 2433 1399 2531 Burgundio
1430 2445 1468 2507 et
1495 2432 1642 2506 Austrie
1672 2437 1780 2508 duces

440 2543 597 2636 aliosque
632 2553 819 2639 magnates
852 2554 890 2615 et
927 2555 1047 2638 partes
1080 2555 1223 2617 exteras
1257 2570 1299 2619 ac
1333 2545 1516 2618 innostro
1550 2545 1698 2620 seruicio
1727 2549 1781 2618 in·

440 2658 493 2728 srs
515 2653 674 2728 nostrum
697 2679 847 2751 regnum
872 2678 936 2749 pro
957 2656 1143 2751 republica
1159 2665 1197 2728 et
1218 2657 1465 2750 tranquilitate
1489 2657 1647 2730 eiusdem
1665 2658 1781 2730 diuer-

439 2764 573 2841 simode
602 2771 704 2840 saetis
730 2791 772 2840 ac
797 2771 906 2840 etiam
936 2792 1000 2862 pro
1027 2768 1185 2841 utilitate
1211 2772 1332 2862 quiete
1358 2779 1396 2840 et
1421 2766 1613 2844 necessaria
1647 2767 1779 2842 susten-

438 2883 577 2954 tatione
593 2880 680 2954 dicti
698 2883 887 2952 reuerendi
904 2883 1018 2974 patris
1034 2879 1249 2973 suorumque
1262 2878 1495 2953 successorum
1510 2882 1658 2976 capituli
1676 2906 1780 2955 cano-

440 2996 602 3065 nicorum
634 2993 900 3087 capellanorum
931 3001 970 3064 et
995 2990 1257 3086 suppositorum
1290 2994 1450 3086 predicte
1487 2990 1635 3066 ecclesie
1661 2996 1781 3068 cathe-

439 3105 546 3177 dralis
564 3107 722 3178 ciuitatis
740 3115 778 3177 et
796 3101 1037 3177 vniuersrtatis
1050 3100 1343 3198 Abbyrdonensrs
1357 3128 1398 3176 ac
1411 3129 1536 3177 eorum
1551 3104 1778 3178 familiarium

439 3229 479 3288 et
494 3216 707 3289 seruitomm
733 3219 866 3290 ibidem
892 3212 1127 3290 residentium
1155 3239 1317 3291 creamus
1333 3217 1484 3288 facimus
1501 3227 1541 3288 et
1557 3219 1780 3291 infeodamus

438 3352 535 3419 nunc
554 3331 599 3401 de
623 3353 719 3401 nouo
744 3341 785 3401 rt
810 3332 908 3424 prius
933 3339 972 3400 et
997 3339 1123 3402 tenore
1147 3328 1321 3423 presentis
1351 3339 1448 3402 carte
1472 3327 1590 3402 nostre
1620 3354 1781 3404 creamus

438 3442 589 3512 facimus
614 3451 653 3513 et
677 3443 902 3513 infeodamus
928 3441 1123 3533 predictam
1150 3442 1273 3514 villam
1299 3442 1344 3514 de
1369 3440 1446 3513 Ald
1462 3440 1675 3514 Abbirdone
1696 3465 1779 3514 cnm

437 3553 566 3624 bondis
591 3565 630 3625 ct
654 3555 883 3647 pertiuentijs
908 3555 946 3623 in
972 3555 1160 3626 ciuitatem
1182 3565 1220 3626 et
1246 3551 1515 3626 uniuersitatem
1540 3575 1582 3626 ao
1609 3555 1647 3624 in
1669 3577 1779 3626 vnum

437 3687 578 3736 merum
596 3675 634 3738 et
652 3665 806 3737 liberum
833 3667 987 3760 burgum
1005 3668 1042 3737 in
1061 3665 1208 3738 baronia
1224 3669 1489 3760 imperpetuum
1508 3703 1517 3722 ·
1535 3661 1779 3738 Conceffimus

437 3780 548 3850 etiam
565 3800 630 3870 per
642 3776 893 3871 presentesque
906 3779 1136 3850 concedimus
1147 3779 1434 3851 inhabitantibus
1445 3775 1587 3850 easdem
1601 3787 1638 3849 et
1652 3776 1781 3873 impos·

437 3903 556 3962 terum
573 3891 827 3962 inhabitaturis
844 3891 1041 3983 plenariam
1059 3887 1274 3984 potestatem
1291 3899 1329 3960 et
1348 3888 1553 3961 libertatem
1570 3890 1716 3961 emendi
1739 3900 1778 3962 et

438 4004 617 4074 vendendi
643 4004 680 4073 in
706 4000 781 4096 ipso
806 4003 920 4096 burgo
950 4004 1036 4074 vina
1062 4026 1181 4074 ceram
1211 4024 1371 4095 pannum
1397 4000 1543 4072 laneum
1573 4011 1612 4072 et
1642 4000 1778 4074 lineum

437 4115 553 4188 latum
571 4125 609 4186 et
626 4111 787 4186 stridum
812 4115 953 4207 aliaque
976 4117 1210 4187 mercimonia
1234 4137 1275 4186 ac
1301 4114 1455 4186 habendi
1482 4123 1520 4184 et
1545 4113 1694 4185 tenendi
1710 4112 1779 4208 pis-

436 4237 534 4298 tores
551 4222 761 4298 brasratores
786 4227 969 4298 camilices
987 4237 1063 4297 tam
1082 4228 1243 4298 carnium
1261 4247 1369 4316 quum
1387 4221 1537 4317 piscium
1554 4223 1778 4297 macellarios

439 4335 596 4431 aliosque
622 4342 755 4410 artium
773 4340 951 4433 opemrios
976 4339 1021 4410 ad
1047 4338 1253 4410 libertatem
1271 4336 1374 4430 burgi
1393 4338 1430 4407 in
1447 4336 1594 4408 bamnia
1610 4336 1779 4428 qualiter-

437 4473 579 4543 cunque
596 4448 798 4543 spestantes
817 4493 825 4510 ·
844 4473 984 4522 necnon
1003 4444 1236 4522 concessimus
1254 4457 1293 4520 et
1318 4448 1547 4520 concedimus
1565 4457 1604 4518 vt
1629 4449 1667 4519 in
1685 4449 1779 4520 dieta

438 4562 588 4633 ciuitate
605 4558 837 4634 uniuersitate
854 4571 892 4633 et
908 4562 1023 4658 burgo
1041 4557 1111 4634 srnt
1127 4557 1321 4657 burgenses
1346 4555 1546 4655 prepositus
1566 4558 1691 4632 balliui
1708 4557 1778 4632 ser·
