4050 5534
432 637 478 708 68
953 627 1261 704 REGISTRUM
1526 735 1531 744 ·
1627 629 1783 726 [secum

436 947 586 1019 Statuta
603 985 611 1000 ·

437 1165 510 1241 Die
541 1168 709 1261 merourij
741 1167 931 1238 vndeeimo
963 1167 1023 1238 die
1057 1163 1189 1238 mensis
1218 1165 1380 1260 Januarij
1412 1189 1507 1240 anno
1536 1189 1559 1238 a
1587 1167 1782 1239 natiuitate

331 1315 333 1317 >
438 1281 589 1352 Domini
609 1274 800 1351 millesimo
816 1274 1170 1374 quadringentesimo
1187 1275 1456 1375 quadragesimo
1475 1279 1698 1350 venerabiles
1715 1280 1781 1349 viri

438 1394 575 1464 domini
593 1400 632 1462 et
648 1387 808 1485 magistri
827 1388 865 1458 H
868 1391 1011 1461 enricus
1028 1389 1158 1482 Heruy
1174 1400 1300 1462 oantor
1318 1399 1357 1462 et
1374 1384 1556 1483 presidens
1582 1391 1719 1462 deoano
1745 1392 1782 1461 in

438 1507 588 1576 remotis
621 1510 754 1596 agente
790 1500 990 1573 Duneunus
1024 1501 1070 1572 de
1104 1500 1295 1596 Lyehtone
1330 1501 1565 1574 cancellarius
1600 1501 1782 1575 Henrious

440 1617 572 1710 Rynde
608 1611 850 1686 thesaurarius
889 1613 1114 1686 Laurenoius
1149 1614 1243 1706 Pyot
1277 1615 1559 1708 archydiaconus
1594 1613 1783 1686 Walterus

440 1729 576 1801 Stwart
602 1727 647 1798 de
673 1724 894 1819 Kynoardyn
917 1724 1139 1797 Wilhelmus
1165 1725 1376 1796 Crawsurde
1401 1726 1448 1796 de
1473 1725 1649 1796 Crowden
1677 1724 1783 1820 Inge-

440 1863 562 1912 ramus
596 1838 642 1910 de
672 1834 861 1932 Lyndesay
895 1836 941 1907 de
976 1835 1149 1908 Metblak
1180 1837 1369 1908 Walterus
1404 1837 1449 1908 de
1485 1837 1705 1909 Foulartone
1739 1841 1784 1909 de

440 1949 649 2024 Codilstane
677 1950 833 2020 Thomas
864 1949 909 2019 da
940 1947 1106 2020 Edname
1136 1950 1182 2020 de
1212 1948 1297 2020 Olet
1330 1949 1518 2020 lohannes
1548 1948 1705 2022 Stewart
1739 1951 1784 2020 de

440 2063 761 2156 Banoborydewny
785 2059 969 2131 Robertus
994 2060 1154 2132 Stowart
1180 2061 1226 2131 de
1252 2058 1350 2131 Dere
1376 2061 1552 2132 Ricardus
1578 2063 1624 2133 de
1651 2061 1785 2132 Forbes

441 2177 487 2248 de
505 2173 752 2265 Innemocbty
768 2181 807 2242 et
823 2171 1010 2242 Johannes
1036 2170 1082 2242 de
1108 2171 1192 2242 Clat
1216 2172 1261 2242 de
1286 2171 1452 2242 Clowetb
1479 2173 1524 2244 ad
1549 2183 1694 2266 tempus
1713 2177 1786 2245 vite

443 2287 605 2360 oenoniei
636 2294 674 2355 et
704 2283 931 2378 prebendarij
960 2305 1001 2353 oo
1033 2282 1245 2354 Alexander
1275 2283 1410 2378 Ogilby
1437 2286 1631 2356 canonieus
1658 2295 1697 2355 et
1724 2309 1787 2356 ex-

417 2401 589 2494 'pettans
607 2392 757 2469 eoeleste
774 2389 1043 2465 Aberdonenlis
1064 2393 1312 2488 capitulariter
1328 2397 1535 2490 congregati
1554 2398 1787 2468 attendentes

442 2522 481 2582 et
506 2505 772 2582 considerantes
797 2505 973 2577 nonnulla
997 2527 1061 2598 pro
1088 2507 1386 2600 augmentatione
1407 2507 1534 2578 ‘cultus
1551 2508 1665 2579 diuini
1691 2505 1787 2581 dieta

441 2617 591 2693 eoeleste
608 2612 877 2689 Aberdonensrs
902 2640 944 2687 ae
969 2639 1034 2709 pro
1060 2615 1331 2688 conseruatione
1358 2619 1629 2713 priuilegiorum
1655 2621 1785 2692 iur'inm

442 2733 652 2805 libertatum
679 2740 718 2802 et
742 2729 1017 2799 immunitatum
1043 2729 1193 2822 capituli
1219 2751 1359 2801 necnon
1378 2731 1631 2801 canonicorum
1650 2731 1788 2824 prefate

442 2840 589 2918 eoeleste
605 2844 683 2914 sore
701 2842 804 2913 vtilia
820 2864 862 2912 ao
883 2840 1068 2933 perpetuis
1093 2841 1317 2932 temporibus
1343 2851 1507 2934 tempore
1532 2845 1787 2913 canonicorum

441 2959 487 3030 de
504 2952 660 3050 presenti
687 2949 921 3024 existentium
939 2961 978 3021 et
995 2951 1199 3022 futurorum
1218 2961 1317 3023 certa
1334 2949 1471 3024 statuta
1488 2964 1526 3024 et
1543 2955 1787 3026 ordinationes

441 3069 635 3139 voluerunt
661 3087 786 3136 omnes
804 3072 842 3134 et
859 3059 1016 3157 singulos
1041 3063 1233 3134 canonicos
1250 3065 1345 3134 ditte
1362 3060 1512 3136 eoeleste
1534 3061 1681 3160 astringi
1707 3067 1787 3160 eogi

442 3191 480 3252 et
498 3177 667 3270 compelli
684 3179 721 3247 in
739 3176 866 3246 modos
882 3171 1100 3266 sequentes·

443 3404 565 3474 Primo
583 3400 668 3492 quia
683 3397 767 3492 sepe
784 3399 820 3468 in
840 3398 934 3469 diua
950 3392 1100 3469 ecelesia
1117 3393 1230 3467 visum
1248 3393 1301 3468 est
1319 3397 1415 3489 quod
1441 3399 1619 3491 capellani
1644 3402 1785 3474 diaconi

442 3512 649 3585 subdiaconi
666 3520 705 3582 et
722 3510 782 3602 alij
800 3503 955 3579 ministri
972 3508 1070 3579 ebori
1090 3509 1152 3600 qui
1170 3509 1215 3580 de
1234 3511 1416 3580 canonicis
1433 3512 1665 3602 prebendatis
1681 3511 1786 3584 suurn

441 3624 609 3697 salarium
635 3631 826 3714 exportare
857 3619 992 3689 debent
1019 3619 1202 3690 interdum
1231 3619 1278 3691 ob
1304 3643 1377 3690 non
1395 3617 1612 3692 solutionem
1636 3649 1659 3696 a
1684 3625 1787 3697 oultu

442 3738 565 3808 diuino
594 3733 771 3805 recedunt
807 3738 998 3823 propterea
1027 3732 1159 3823 prefati
1189 3730 1326 3800 domini
1358 3731 1522 3803 volentes
1552 3733 1598 3804 de
1626 3738 1787 3808 remedio

440 3856 619 3942 oportuno
635 3844 825 3938 prouidere
844 3838 1048 3912 statuerunt
1062 3851 1100 3912 et
1114 3842 1325 3912 ordinarunt
1339 3844 1434 3934 quod
1452 3843 1574 3916 nullus
1592 3849 1787 3920 eanonicus

439 3956 683 4052 prebendatua
708 3951 964 4045 cuiuscumque
982 3953 1170 4046 dignitatis
1196 3947 1310 4023 status
1334 3954 1466 4046 gradio
1484 3955 1542 4026 vel
1568 3957 1786 4030 conditionis

441 4066 570 4142 existat
592 4070 630 4138 in
650 4065 827 4137 elet'tione
844 4064 957 4133 futuri
983 4065 1163 4156 pontificia
1189 4059 1309 4134 nostre
1335 4061 1484 4136 eoeleste
1508 4089 1606 4137 nune
1623 4073 1785 4142 vacantis

438 4206 503 4275 per
519 4179 659 4251 obitum
686 4177 780 4248 bone
804 4175 980 4245 memorie
998 4173 1150 4246 Henriei
1168 4173 1287 4244 vltimi
1313 4172 1463 4267 pastoris
1489 4175 1609 4249 nostre
1635 4178 1785 4253 eoeleste

438 4293 597 4386 predide
622 4290 668 4360 ad
693 4287 891 4380 predistam
917 4284 1133 4356 elettionem
1159 4286 1376 4357 admittatur
1400 4284 1465 4358 nisi
1491 4289 1591 4380 prius
1625 4302 1663 4360 et
1698 4304 1785 4365 ante

439 4405 560 4475 omnia
589 4399 743 4493 quilibet
777 4397 971 4468 canonieus
1005 4393 1150 4489 presens
1180 4397 1218 4466 in
1250 4396 1425 4468 eletione
1458 4400 1619 4491 predista
1650 4406 1711 4494 qui
1745 4407 1785 4476 in

437 4515 589 4586 ciuitate
621 4503 871 4580 Aberdonensr
915 4530 988 4577 non
1023 4503 1203 4579 residebat
1237 4505 1354 4600 spacio
1393 4510 1498 4580 vnius
1533 4507 1663 4584 mensis
1697 4526 1784 4587 ante
