4050 5534
421 637 492 708 eos
939 629 1245 706 nemausum
1609 629 1760 726 [secun
1862 727 1866 739 ί

421 947 510 1022 Alia
524 946 627 1021 bulla
642 945 840 1020 eorundem
857 945 1010 1018 fratrum
1028 985 1036 1002 ·

425 1151 670 1248 Innocentius
686 1169 872 1267 episcopus
887 1167 1012 1243 seruus
1026 1167 1210 1246 seruorum
1228 1171 1299 1246 Dei
1317 1171 1583 1246 venerabilibus
1595 1168 1762 1244 fratribus

422 1283 695 1381 archiepiscopis
712 1293 752 1356 et
775 1279 948 1378 episcopis
965 1293 1004 1355 et
1029 1281 1172 1358 dilediis
1197 1283 1282 1380 filijs
1307 1286 1500 1359 abbatibus
1525 1296 1564 1356 et
1588 1281 1762 1378 prioribus

423 1389 568 1459 decanis
584 1382 844 1458 archidiaconis
857 1391 896 1458 et
907 1383 988 1477 alijs
1005 1379 1236 1458 ecclesiarum
1254 1385 1403 1480 prelatis
1419 1385 1466 1458 ad
1476 1407 1566 1479 quos
1583 1381 1764 1479 presentes

422 1499 528 1571 litere
538 1497 772 1593 perueneriut
782 1494 938 1568 salntem
951 1503 991 1568 et
1002 1490 1235 1590 apostolicam
1245 1496 1536 1570 benedistiouem
1548 1535 1556 1554 ·
1568 1490 1764 1590 Religiosos

423 1614 516 1682 viros
532 1611 663 1683 fratres
688 1609 818 1680 domus
844 1605 1126 1680 ierosolimitani
1148 1607 1334 1703 hospitalis
1360 1633 1424 1705 pro
1449 1609 1624 1705 religione
1641 1615 1681 1679 et
1702 1606 1765 1676 ho-

422 1720 561 1796 nestate
590 1718 654 1794 sna
677 1728 783 1794 tauto
808 1716 1019 1816 propensius
1040 1742 1063 1793 a
1087 1720 1329 1816 malignorum
1352 1717 1552 1794 incursibus
1577 1728 1764 1815 protegere

422 1836 590 1908 volumus
606 1837 645 1906 et
662 1834 757 1906 tueri
771 1842 909 1927 quanto
924 1833 1108 1928 puriorem
1126 1833 1358 1908 deuotionem
1376 1835 1472 1908 circa
1495 1857 1561 1907 nos
1579 1843 1618 1906 et
1634 1832 1765 1905 Roma-

421 1972 507 2021 nam
519 1940 707 2020 ecclesiam
717 1945 850 2017 habere
864 1941 1345 2041 noscuntur·1ndeestquod
1355 1969 1420 2042 per
1432 1942 1766 2042 apostoliosscripta

422 2061 524 2132 robis
540 2056 772 2153 precipiendo
789 2057 1003 2130 mandamns
1021 2066 1201 2151 qnatenus
1213 2055 1386 2134 miuorfis
1399 2061 1624 2154 parochianis
1640 2052 1765 2129 vestris

421 2170 487 2245 snb
504 2171 800 2244 interminatione
816 2170 1060 2242 anathematis
1077 2171 1266 2264 probibere
1280 2174 1414 2244 curetis
1430 2193 1478 2244 ne
1494 2194 1518 2243 a
1533 2171 1681 2265 prefatis
1697 2169 1766 2240 fra·

421 2284 537 2356 tribus
553 2281 613 2355 vel
633 2303 760 2354 eorum
785 2280 991 2353 bominibus
1016 2283 1063 2356 de
1080 2284 1295 2357 vidualibus
1318 2281 1542 2357 vestimentis
1568 2283 1765 2377 pecudibus

420 2395 482 2468 seu
507 2397 554 2469 de
578 2392 661 2490 alijs
689 2392 798 2467 rebus
827 2393 1026 2466 eorundem
1052 2395 1204 2468 fratrum
1222 2392 1342 2469 vfibus
1367 2397 1550 2491 deputatis
1573 2395 1764 2490 pedagium

421 2509 576 2580 vendam
593 2501 790 2603 paffiginm
816 2507 1024 2601 contagium
1042 2505 1103 2580 seu
1120 2507 1228 2581 aliam
1246 2509 1447 2602 quamlibet
1468 2505 1764 2596 consuetudinem

422 2623 567 2717 exigere
580 2619 639 2692 vel
656 2629 874 2712 extorquere
886 2616 1166 2716 presumpserint
1179 2661 1188 2677 ·
1202 2616 1229 2692 fi
1243 2623 1305 2714 qui
1318 2643 1403 2692 vero
1416 2627 1542 2721 contra
1557 2615 1767 2713 probibitio-

421 2758 506 2808 nem
516 2730 675 2806 nostram
685 2733 809 2805 venire
820 2727 1099 2826 presumpserint
1109 2729 1484 2827 eosapresumptione
1493 2730 1557 2804 sna
1566 2731 1767 2803 monitione

421 2841 588 2941 premissa
599 2866 673 2919 non
691 2843 866 2917 differatis
881 2866 946 2937 per
961 2845 1349 2918 excommunicationis
1361 2840 1579 2916 sententiam
1596 2865 1766 2916 exercere

421 2970 461 3032 et
477 2960 516 3032 in
532 2958 639 3030 terris
655 2953 682 3028 sr
700 2980 789 3051 quas
805 2957 943 3030 habent
967 2957 1091 3029 omnia
1106 2958 1231 3030 diuina
1257 2967 1378 3050 preter
1392 2953 1611 3050 baptismum
1636 2979 1767 3050 paruu-

421 3071 539 3143 lorum
569 3080 608 3142 et
632 3070 854 3164 penitentias
878 3069 1111 3141 morientium
1137 3069 1358 3164 prohibeatis
1382 3068 1602 3163 apellatione
1627 3077 1767 3140 remota

422 3184 539 3256 officia
562 3181 763 3255 celebrari·
788 3180 907 3276 Super
931 3181 1000 3254 boc
1022 3177 1115 3255 siout
1137 3183 1268 3276 prelati
1285 3182 1413 3256 fratres
1438 3176 1596 3254 afferunt
1620 3180 1766 3273 quidam

421 3293 619 3390 presbyteri
636 3303 675 3367 et
691 3293 752 3388 alij
766 3293 888 3367 cleriei
905 3291 1023 3366 vestro
1035 3291 1285 3367 iurisdibtionis
1298 3295 1336 3366 in
1350 3289 1512 3387 ecclesrjs
1527 3292 1600 3366 illis
1618 3316 1689 3387 que
1700 3317 1766 3388 pro

422 3403 621 3481 exeeffibus
634 3408 672 3479 in
681 3405 848 3478 domibus
863 3407 1105 3500 predictorum
1117 3407 1269 3480 fratrum
1282 3401 1474 3480 commiffis
1487 3402 1554 3478 sub
1570 3404 1765 3479 interdidin

420 3529 597 3592 tenentur
617 3519 743 3592 diuina
758 3516 941 3591 celebrare
966 3516 1176 3611 presumunt
1193 3515 1299 3592 eosli
1325 3541 1382 3592 res
1400 3521 1454 3592 ita
1467 3515 1504 3590 se
1526 3519 1677 3591 habeta
1701 3515 1764 3590 sue

421 3630 700 3726 presumptionis
718 3630 868 3704 audacia
884 3651 950 3723 per
965 3626 1200 3724 suspensionis
1222 3639 1260 3704 et
1286 3631 1670 3704 excommunicationis
1687 3628 1765 3702 sen-

420 3746 577 3818 tentiam
602 3741 845 3838 appellatione
865 3737 1059 3836 postpofita
1083 3741 1316 3839 compescatis
1333 3784 1342 3803 ·
1362 3741 1501 3816 Datum
1528 3741 1698 3817 Laterani
1715 3767 1765 3815 xv

422 3857 608 3930 Kalendas
627 3853 758 3950 Marcij
775 3877 872 3928 anno
889 3853 1124 3948 pontificatus
1141 3851 1252 3928 nostri
1270 3857 1411 3928 decimo
1429 3895 1437 3911 ·

422 4192 510 4267 Alio
527 4194 628 4266 bulla
644 4193 842 4266 eorundem
860 4192 1012 4266 fratrum
1031 4233 1039 4248 ·

421 4396 672 4492 innocencius
688 4414 874 4513 episcopus
892 4414 1014 4490 seruus
1032 4417 1214 4491 seruorum
1233 4415 1304 4490 Dei
1317 4417 1581 4491 venerabilibus
1597 4419 1765 4491 fratribus

422 4529 694 4624 archiepiscopis
712 4528 886 4625 episcopis
903 4539 943 4604 et
960 4531 1100 4603 dilectis
1116 4530 1199 4624 filijs
1222 4530 1412 4604 abbatibus
1429 4530 1605 4626 prioribus
1623 4531 1766 4603 decanis
