<?xml version="1.0" encoding="UTF-8"?>
<!DOCTYPE html PUBLIC "-//W3C//DTD XHTML 1.0 Transitional//EN"
    "http://www.w3.org/TR/xhtml1/DTD/xhtml1-transitional.dtd">
<html xmlns="http://www.w3.org/1999/xhtml" xml:lang="en" lang="en">
 <head>
  <title>
</title>
<meta http-equiv="Content-Type" content="text/html;charset=utf-8" />
  <meta name='ocr-system' content='tesseract 3.04.00' />
  <meta name='ocr-capabilities' content='ocr_page ocr_carea ocr_par ocr_line ocrx_word'/>
</head>
<body>
  <div class='ocr_page' id='page_1' title='image "./registrumepisco02innegoog_0162.png"; bbox 0 0 4050 5534; ppageno 0'>
   <div class='ocr_carea' id='block_1_1' title="bbox 446 638 1794 732">
    <p class='ocr_par' dir='ltr' id='par_1_1' title="bbox 446 638 1794 732">
     <span class='ocr_line' id='line_1_1' title="bbox 446 638 1794 732; baseline -0.011 -11"><span class='ocrx_word' id='word_1_1' title='bbox 446 655 492 724; x_wconf 84' lang='lat'><strong>98</strong></span> <span class='ocrx_word' id='word_1_2' title='bbox 966 638 1275 714; x_wconf 80' lang='lat' dir='ltr'><strong>REGISTRUM</strong></span> <span class='ocrx_word' id='word_1_3' title='bbox 1641 639 1794 732; x_wconf 67' lang='lat' dir='ltr'><strong>[secum</strong></span> 
     </span>
    </p>
   </div>
   <div class='ocr_carea' id='block_1_2' title="bbox 542 837 1699 1028">
    <p class='ocr_par' dir='ltr' id='par_1_2' title="bbox 542 837 1699 1028">
     <span class='ocr_line' id='line_1_2' title="bbox 547 837 1699 935; baseline -0.006 -23"><span class='ocrx_word' id='word_1_4' title='bbox 547 840 674 915; x_wconf 79' lang='lat' dir='ltr'><strong>Restat</strong></span> <span class='ocrx_word' id='word_1_5' title='bbox 691 844 737 914; x_wconf 87' lang='lat' dir='ltr'><strong>‹le</strong></span> <span class='ocrx_word' id='word_1_6' title='bbox 756 863 970 935; x_wconf 83' lang='lat' dir='ltr'>vnoquoque</span> <span class='ocrx_word' id='word_1_7' title='bbox 987 837 1136 911; x_wconf 88' lang='lat' dir='ltr'>istorum</span> <span class='ocrx_word' id='word_1_8' title='bbox 1155 861 1204 932; x_wconf 70' lang='grc' dir='ltr'>ιιι]</span> <span class='ocrx_word' id='word_1_9' title='bbox 1219 838 1283 909; x_wconf 82' lang='lat' dir='ltr'><strong>lib.</strong></span> <span class='ocrx_word' id='word_1_10' title='bbox 1310 838 1424 910; x_wconf 85' lang='lat' dir='ltr'><strong>donee</strong></span> <span class='ocrx_word' id='word_1_11' title='bbox 1442 852 1699 932; x_wconf 77' lang='lat' dir='ltr'>promoveatur</span> 
     </span>
     <span class='ocr_line' id='line_1_3' title="bbox 542 951 1424 1028; baseline -0.009 -1"><span class='ocrx_word' id='word_1_12' title='bbox 542 951 547 958; x_wconf 85' lang='grc'><strong><em>’</em></strong></span> <span class='ocrx_word' id='word_1_13' title='bbox 880 953 924 1024; x_wconf 77' lang='lat' dir='ltr'><strong>ad</strong></span> <span class='ocrx_word' id='word_1_14' title='bbox 942 953 1106 1026; x_wconf 79' lang='lat' dir='ltr'><strong>ordinem</strong></span> <span class='ocrx_word' id='word_1_15' title='bbox 1124 951 1362 1028; x_wconf 66' lang='lat' dir='ltr'><strong>diaconatus·</strong></span> <span class='ocrx_word' id='word_1_16' title='bbox 1420 1019 1424 1028; x_wconf 84' lang='grc'>,</span> 
     </span>
    </p>
   </div>
   <div class='ocr_carea' id='block_1_3' title="bbox 887 1286 1362 1360">
    <p class='ocr_par' dir='ltr' id='par_1_3' title="bbox 887 1286 1362 1360">
     <span class='ocr_line' id='line_1_4' title="bbox 887 1286 1362 1360; baseline -0.006 0"><span class='ocrx_word' id='word_1_17' title='bbox 887 1287 1050 1360; x_wconf 71' lang='grc' dir='ltr'>Βυοιιιιε</span> <span class='ocrx_word' id='word_1_18' title='bbox 1076 1286 1362 1358; x_wconf 75' lang='lat' dir='ltr'>Sunnucoms·</span> 
     </span>
    </p>
   </div>
   <div class='ocr_carea' id='block_1_4' title="bbox 449 1506 1795 1937">
    <p class='ocr_par' dir='ltr' id='par_1_4' title="bbox 449 1506 1794 1602">
     <span class='ocr_line' id='line_1_5' title="bbox 449 1506 1794 1602; baseline -0.006 -18"><span class='ocrx_word' id='word_1_19' title='bbox 449 1513 609 1584; x_wconf 72' lang='lat' dir='ltr'><strong>Domin&#39;o</strong></span> <span class='ocrx_word' id='word_1_20' title='bbox 628 1512 818 1584; x_wconf 84' lang='lat' dir='ltr'>Willelmo</span> <span class='ocrx_word' id='word_1_21' title='bbox 835 1506 949 1582; x_wconf 77' lang='lat' dir='ltr'>Biffet</span> <span class='ocrx_word' id='word_1_22' title='bbox 967 1513 1012 1582; x_wconf 83' lang='lat' dir='ltr'><strong>de</strong></span> <span class='ocrx_word' id='word_1_23' title='bbox 1029 1509 1176 1581; x_wconf 85' lang='lat' dir='ltr'>Turreff</span> <span class='ocrx_word' id='word_1_24' title='bbox 1237 1563 1245 1580; x_wconf 87' lang='lat'><strong>.</strong></span> <span class='ocrx_word' id='word_1_25' title='bbox 1347 1563 1355 1582; x_wconf 92' lang='lat'><strong>.</strong></span> <span class='ocrx_word' id='word_1_26' title='bbox 1426 1509 1459 1602; x_wconf 92' lang='lat' dir='ltr'><strong>vj</strong></span> <span class='ocrx_word' id='word_1_27' title='bbox 1478 1509 1541 1580; x_wconf 72' lang='lat' dir='ltr'><strong>lib.</strong></span> <span class='ocrx_word' id='word_1_28' title='bbox 1559 1510 1622 1602; x_wconf 85' lang='lat' dir='ltr'>xiij</span> <span class='ocrx_word' id='word_1_29' title='bbox 1643 1507 1672 1579; x_wconf 63' lang='grc' dir='ltr'><strong>ι’).</strong></span> <span class='ocrx_word' id='word_1_30' title='bbox 1692 1508 1743 1601; x_wconf 88' lang='lat' dir='ltr'><strong>iiij</strong></span> <span class='ocrx_word' id='word_1_31' title='bbox 1760 1506 1794 1577; x_wconf 78' lang='lat' dir='ltr'><strong>d.</strong></span> 
     </span>
    </p>

    <p class='ocr_par' dir='ltr' id='par_1_5' title="bbox 449 1621 1795 1696">
     <span class='ocr_line' id='line_1_6' title="bbox 449 1621 1795 1696; baseline -0.004 -2"><span class='ocrx_word' id='word_1_32' title='bbox 449 1625 610 1695; x_wconf 87' lang='lat' dir='ltr'><strong>Domino</strong></span> <span class='ocrx_word' id='word_1_33' title='bbox 628 1625 748 1695; x_wconf 79' lang='lat' dir='ltr'>Dauid</span> <span class='ocrx_word' id='word_1_34' title='bbox 767 1623 1000 1696; x_wconf 78' lang='lat' dir='ltr'><strong>Strathachin</strong></span> <span class='ocrx_word' id='word_1_35' title='bbox 1020 1624 1066 1694; x_wconf 84' lang='lat' dir='ltr'><strong>de</strong></span> <span class='ocrx_word' id='word_1_36' title='bbox 1085 1621 1247 1692; x_wconf 82' lang='lat' dir='ltr'><strong>Methlik</strong></span> <span class='ocrx_word' id='word_1_37' title='bbox 1350 1675 1358 1690; x_wconf 94' lang='lat'><em>.</em></span> <span class='ocrx_word' id='word_1_38' title='bbox 1461 1674 1469 1689; x_wconf 91' lang='lat'><strong>.</strong></span> <span class='ocrx_word' id='word_1_39' title='bbox 1571 1675 1579 1690; x_wconf 91' lang='lat'><strong>.</strong></span> <span class='ocrx_word' id='word_1_40' title='bbox 1696 1645 1717 1688; x_wconf 86' lang='lat' dir='ltr'>v</span> <span class='ocrx_word' id='word_1_41' title='bbox 1735 1621 1795 1690; x_wconf 79' lang='lat' dir='ltr'>lib.</span> 
     </span>
    </p>

    <p class='ocr_par' dir='ltr' id='par_1_6' title="bbox 500 1728 1794 1937">
     <span class='ocr_line' id='line_1_7' title="bbox 500 1728 1794 1825; baseline -0.005 -19"><span class='ocrx_word' id='word_1_42' title='bbox 500 1737 558 1808; x_wconf 85' lang='lat' dir='ltr'><strong>De</strong></span> <span class='ocrx_word' id='word_1_43' title='bbox 579 1737 794 1808; x_wconf 86' lang='lat' dir='ltr'><strong>Aberdoure</strong></span> <span class='ocrx_word' id='word_1_44' title='bbox 907 1785 1470 1806; x_wconf 93' lang='grc'><strong>......</strong></span> <span class='ocrx_word' id='word_1_45' title='bbox 1502 1732 1617 1823; x_wconf 84' lang='lat' dir='ltr'><strong>xxxiij</strong></span> <span class='ocrx_word' id='word_1_46' title='bbox 1637 1728 1672 1802; x_wconf 78' lang='lat' dir='ltr'><strong>ss.</strong></span> <span class='ocrx_word' id='word_1_47' title='bbox 1693 1734 1742 1825; x_wconf 87' lang='lat' dir='ltr'><strong>iiij</strong></span> <span class='ocrx_word' id='word_1_48' title='bbox 1761 1729 1794 1800; x_wconf 76' lang='lat' dir='ltr'><strong>d.</strong></span> 
     </span>
     <span class='ocr_line' id='line_1_8' title="bbox 623 1841 1621 1937; baseline -0.006 -19"><span class='ocrx_word' id='word_1_49' title='bbox 623 1846 775 1919; x_wconf 81' lang='lat' dir='ltr'><strong>Summa</strong></span> <span class='ocrx_word' id='word_1_50' title='bbox 791 1847 898 1918; x_wconf 83' lang='lat' dir='ltr'>huius</span> <span class='ocrx_word' id='word_1_51' title='bbox 1017 1898 1026 1914; x_wconf 93' lang='lat'><strong>.</strong></span> <span class='ocrx_word' id='word_1_52' title='bbox 1128 1899 1136 1915; x_wconf 92' lang='lat'><strong>.</strong></span> <span class='ocrx_word' id='word_1_53' title='bbox 1238 1845 1300 1936; x_wconf 90' lang='lat' dir='ltr'><strong>xiij</strong></span> <span class='ocrx_word' id='word_1_54' title='bbox 1320 1843 1382 1914; x_wconf 78' lang='lat' dir='ltr'><strong>lib.</strong></span> <span class='ocrx_word' id='word_1_55' title='bbox 1404 1844 1435 1936; x_wconf 88' lang='lat' dir='ltr'><strong>vj</strong></span> <span class='ocrx_word' id='word_1_56' title='bbox 1454 1845 1489 1914; x_wconf 70' lang='lat'><strong>1⁵.</strong></span> <span class='ocrx_word' id='word_1_57' title='bbox 1508 1845 1567 1937; x_wconf 72' lang='lat' dir='ltr'><strong>viij</strong></span> <span class='ocrx_word' id='word_1_58' title='bbox 1586 1841 1621 1913; x_wconf 80' lang='lat' dir='ltr'><strong>d.</strong></span> 
     </span>
    </p>
   </div>
   <div class='ocr_carea' id='block_1_5' title="bbox 912 2180 1330 2254">
    <p class='ocr_par' dir='ltr' id='par_1_7' title="bbox 912 2180 1330 2254">
     <span class='ocr_line' id='line_1_9' title="bbox 912 2180 1330 2254; baseline -0.005 -2"><span class='ocrx_word' id='word_1_59' title='bbox 912 2181 1074 2254; x_wconf 77' lang='lat' dir='ltr'>Duossus</span> <span class='ocrx_word' id='word_1_60' title='bbox 1095 2180 1330 2252; x_wconf 75' lang='lat' dir='ltr'><strong>Accomns·</strong></span> 
     </span>
    </p>
   </div>
   <div class='ocr_carea' id='block_1_6' title="bbox 449 2398 1798 2718">
    <p class='ocr_par' dir='ltr' id='par_1_8' title="bbox 449 2398 1798 2718">
     <span class='ocr_line' id='line_1_10' title="bbox 449 2398 1796 2498; baseline -0.001 -25"><span class='ocrx_word' id='word_1_61' title='bbox 449 2405 606 2476; x_wconf 69' lang='lat' dir='ltr'><strong>¹lohanni</strong></span> <span class='ocrx_word' id='word_1_62' title='bbox 627 2405 815 2498; x_wconf 75' lang='lat' dir='ltr'>quuhart</span> <span class='ocrx_word' id='word_1_63' title='bbox 832 2405 877 2474; x_wconf 82' lang='lat' dir='ltr'><strong>(le</strong></span> <span class='ocrx_word' id='word_1_64' title='bbox 896 2403 1142 2498; x_wconf 77' lang='lat' dir='ltr'>Innernochty</span> <span class='ocrx_word' id='word_1_65' title='bbox 1243 2457 1251 2473; x_wconf 93' lang='lat'>.</span> <span class='ocrx_word' id='word_1_66' title='bbox 1355 2457 1362 2473; x_wconf 93' lang='lat'><strong>.</strong></span> <span class='ocrx_word' id='word_1_67' title='bbox 1436 2405 1472 2495; x_wconf 85' lang='lat' dir='ltr'><strong>iij</strong></span> <span class='ocrx_word' id='word_1_68' title='bbox 1493 2403 1554 2473; x_wconf 82' lang='lat' dir='ltr'><strong>lib.</strong></span> <span class='ocrx_word' id='word_1_69' title='bbox 1574 2403 1606 2495; x_wconf 87' lang='lat' dir='ltr'><strong>vj</strong></span> <span class='ocrx_word' id='word_1_70' title='bbox 1627 2398 1660 2472; x_wconf 79' lang='lat' dir='ltr'><strong>ss.</strong></span> <span class='ocrx_word' id='word_1_71' title='bbox 1681 2405 1742 2496; x_wconf 85' lang='lat' dir='ltr'>viij</span> <span class='ocrx_word' id='word_1_72' title='bbox 1760 2400 1796 2474; x_wconf 79' lang='lat' dir='ltr'><strong>d.</strong></span> 
     </span>
     <span class='ocr_line' id='line_1_11' title="bbox 500 2509 1797 2608; baseline -0.002 -23"><span class='ocrx_word' id='word_1_73' title='bbox 500 2516 557 2585; x_wconf 81' lang='lat' dir='ltr'><strong>De</strong></span> <span class='ocrx_word' id='word_1_74' title='bbox 575 2515 755 2608; x_wconf 84' lang='lat' dir='ltr'><strong>Lummey</strong></span> <span class='ocrx_word' id='word_1_75' title='bbox 803 2567 1474 2588; x_wconf 90' lang='grc'><strong>.......</strong></span> <span class='ocrx_word' id='word_1_76' title='bbox 1555 2515 1619 2607; x_wconf 83' lang='lat' dir='ltr'>xiij</span> <span class='ocrx_word' id='word_1_77' title='bbox 1638 2509 1670 2584; x_wconf 78' lang='lat' dir='ltr'><strong>ss.</strong></span> <span class='ocrx_word' id='word_1_78' title='bbox 1691 2517 1743 2606; x_wconf 86' lang='lat' dir='ltr'>iiij</span> <span class='ocrx_word' id='word_1_79' title='bbox 1761 2512 1797 2584; x_wconf 80' lang='lat' dir='ltr'><strong>d.</strong></span> 
     </span>
     <span class='ocr_line' id='line_1_12' title="bbox 450 2625 1798 2718; baseline -0.001 -24"><span class='ocrx_word' id='word_1_80' title='bbox 450 2625 611 2698; x_wconf 84' lang='lat' dir='ltr'>Roberto</span> <span class='ocrx_word' id='word_1_81' title='bbox 631 2625 810 2698; x_wconf 78' lang='lat' dir='ltr'>Malisone</span> <span class='ocrx_word' id='word_1_82' title='bbox 828 2628 872 2697; x_wconf 88' lang='lat' dir='ltr'><strong>de</strong></span> <span class='ocrx_word' id='word_1_83' title='bbox 891 2625 1023 2697; x_wconf 86' lang='lat' dir='ltr'>Ellone</span> <span class='ocrx_word' id='word_1_84' title='bbox 1134 2679 1586 2698; x_wconf 91' lang='grc'><strong>.....</strong></span> <span class='ocrx_word' id='word_1_85' title='bbox 1675 2627 1714 2718; x_wconf 90' lang='lat' dir='ltr'><strong>iij</strong></span> <span class='ocrx_word' id='word_1_86' title='bbox 1735 2626 1798 2694; x_wconf 81' lang='lat' dir='ltr'><strong>lib.</strong></span> 
     </span>
    </p>
   </div>
   <div class='ocr_carea' id='block_1_7' title="bbox 499 2735 1796 2940">
    <p class='ocr_par' dir='ltr' id='par_1_9' title="bbox 499 2735 1796 2940">
     <span class='ocr_line' id='line_1_13' title="bbox 499 2735 1796 2810; baseline 0 -5"><span class='ocrx_word' id='word_1_87' title='bbox 499 2736 557 2807; x_wconf 83' lang='lat' dir='ltr'><strong>De</strong></span> <span class='ocrx_word' id='word_1_88' title='bbox 576 2738 790 2810; x_wconf 82' lang='lat' dir='ltr'><strong>Aberdoure</strong></span> <span class='ocrx_word' id='word_1_89' title='bbox 915 2791 1589 2810; x_wconf 92' lang='grc'><strong>.......</strong></span> <span class='ocrx_word' id='word_1_90' title='bbox 1692 2761 1742 2806; x_wconf 84' lang='lat' dir='ltr'><strong>xx</strong></span> <span class='ocrx_word' id='word_1_91' title='bbox 1763 2735 1796 2804; x_wconf 78' lang='lat' dir='ltr'><strong>ss.</strong></span> 
     </span>
     <span class='ocr_line' id='line_1_14' title="bbox 813 2848 1447 2940; baseline 0.003 -22"><span class='ocrx_word' id='word_1_92' title='bbox 813 2851 821 2872; x_wconf 73' lang='lat'><strong>¹</strong></span> <span class='ocrx_word' id='word_1_93' title='bbox 1247 2901 1254 2918; x_wconf 93' lang='lat'><em>.</em></span> <span class='ocrx_word' id='word_1_94' title='bbox 1305 2849 1364 2940; x_wconf 75' lang='lat' dir='ltr'>viij</span> <span class='ocrx_word' id='word_1_95' title='bbox 1383 2848 1447 2920; x_wconf 80' lang='lat' dir='ltr'><strong>lib.</strong></span> 
     </span>
    </p>
   </div>
   <div class='ocr_carea' id='block_1_8' title="bbox 616 3069 1796 3393">
    <p class='ocr_par' dir='ltr' id='par_1_10' title="bbox 616 3069 1796 3393">
     <span class='ocr_line' id='line_1_15' title="bbox 646 3069 1796 3144; baseline -0.003 -1"><span class='ocrx_word' id='word_1_96' title='bbox 646 3073 797 3144; x_wconf 78' lang='lat' dir='ltr'><strong>Summa</strong></span> <span class='ocrx_word' id='word_1_97' title='bbox 813 3073 920 3143; x_wconf 86' lang='lat' dir='ltr'>huius</span> <span class='ocrx_word' id='word_1_98' title='bbox 938 3070 1201 3143; x_wconf 80' lang='lat' dir='ltr'>distributionis</span> <span class='ocrx_word' id='word_1_99' title='bbox 1219 3071 1378 3143; x_wconf 82' lang='lat' dir='ltr'><strong>diaconis</strong></span> <span class='ocrx_word' id='word_1_100' title='bbox 1395 3069 1620 3143; x_wconf 79' lang='lat' dir='ltr'><strong>subdiaconis</strong></span> <span class='ocrx_word' id='word_1_101' title='bbox 1637 3080 1673 3140; x_wconf 81' lang='lat' dir='ltr'><strong>et</strong></span> <span class='ocrx_word' id='word_1_102' title='bbox 1693 3095 1796 3141; x_wconf 79' lang='lat' dir='ltr'><strong>aceo·</strong></span> 
     </span>
     <span class='ocr_line' id='line_1_16' title="bbox 647 3179 1795 3276; baseline 0 -24"><span class='ocrx_word' id='word_1_103' title='bbox 647 3185 721 3254; x_wconf 84' lang='lat' dir='ltr'><strong>litis</strong></span> <span class='ocrx_word' id='word_1_104' title='bbox 746 3185 873 3276; x_wconf 84' lang='lat' dir='ltr'><strong>xxxvij</strong></span> <span class='ocrx_word' id='word_1_105' title='bbox 892 3183 954 3253; x_wconf 78' lang='lat' dir='ltr'><strong>lib.</strong></span> <span class='ocrx_word' id='word_1_106' title='bbox 980 3185 1013 3276; x_wconf 85' lang='lat' dir='ltr'><strong>vj</strong></span> <span class='ocrx_word' id='word_1_107' title='bbox 1041 3180 1075 3254; x_wconf 75' lang='lat' dir='ltr'><strong>ss.</strong></span> <span class='ocrx_word' id='word_1_108' title='bbox 1099 3185 1158 3276; x_wconf 86' lang='lat' dir='ltr'><strong>viij</strong></span> <span class='ocrx_word' id='word_1_109' title='bbox 1186 3179 1222 3254; x_wconf 81' lang='lat' dir='ltr'><strong>d.</strong></span> <span class='ocrx_word' id='word_1_110' title='bbox 1252 3220 1260 3237; x_wconf 91' lang='lat'><strong>·</strong></span> <span class='ocrx_word' id='word_1_111' title='bbox 1290 3183 1340 3254; x_wconf 79' lang='lat' dir='ltr'><strong>Et</strong></span> <span class='ocrx_word' id='word_1_112' title='bbox 1365 3180 1475 3254; x_wconf 80' lang='lat' dir='ltr'>restat</span> <span class='ocrx_word' id='word_1_113' title='bbox 1500 3184 1587 3275; x_wconf 81' lang='lat' dir='ltr'><strong>xviij</strong></span> <span class='ocrx_word' id='word_1_114' title='bbox 1613 3181 1676 3253; x_wconf 83' lang='lat' dir='ltr'><strong>lib.</strong></span> <span class='ocrx_word' id='word_1_115' title='bbox 1702 3187 1741 3253; x_wconf 88' lang='lat' dir='ltr'><strong>ix</strong></span> <span class='ocrx_word' id='word_1_116' title='bbox 1761 3181 1795 3254; x_wconf 72' lang='lat' dir='ltr'><strong>ss.</strong></span> 
     </span>
     <span class='ocr_line' id='line_1_17' title="bbox 616 3291 1591 3393; baseline 0 -27"><span class='ocrx_word' id='word_1_117' title='bbox 616 3383 625 3393; x_wconf 28' lang='lat'>⁵</span> <span class='ocrx_word' id='word_1_118' title='bbox 646 3298 690 3366; x_wconf 87' lang='lat' dir='ltr'><strong>de</strong></span> <span class='ocrx_word' id='word_1_119' title='bbox 708 3318 779 3388; x_wconf 81' lang='lat' dir='ltr'><strong>qua</strong></span> <span class='ocrx_word' id='word_1_120' title='bbox 796 3291 935 3367; x_wconf 81' lang='lat' dir='ltr'>summa</span> <span class='ocrx_word' id='word_1_121' title='bbox 952 3294 1178 3367; x_wconf 77' lang='lat' dir='ltr'>distribuitur</span> <span class='ocrx_word' id='word_1_122' title='bbox 1194 3294 1238 3366; x_wconf 83' lang='lat' dir='ltr'><strong>ad</strong></span> <span class='ocrx_word' id='word_1_123' title='bbox 1256 3294 1292 3366; x_wconf 86' lang='lat' dir='ltr'><strong>le</strong></span> <span class='ocrx_word' id='word_1_124' title='bbox 1310 3293 1563 3387; x_wconf 84' lang='lat' dir='ltr'>Mydlettroun</span> <span class='ocrx_word' id='word_1_125' title='bbox 1584 3335 1591 3350; x_wconf 94' lang='lat'><strong>·</strong></span> 
     </span>
    </p>
   </div>
   <div class='ocr_carea' id='block_1_9' title="bbox 911 3712 1328 3786">
    <p class='ocr_par' dir='ltr' id='par_1_11' title="bbox 911 3712 1328 3786">
     <span class='ocr_line' id='line_1_18' title="bbox 911 3712 1328 3786; baseline 0.002 -3"><span class='ocrx_word' id='word_1_126' title='bbox 911 3712 970 3784; x_wconf 74' lang='lat' dir='ltr'><strong>LY</strong></span> <span class='ocrx_word' id='word_1_127' title='bbox 995 3713 1328 3786; x_wconf 74' lang='lat' dir='ltr'><strong>MYDLETTROUN·</strong></span> 
     </span>
    </p>
   </div>
   <div class='ocr_carea' id='block_1_10' title="bbox 444 3957 1793 4615">
    <p class='ocr_par' dir='ltr' id='par_1_12' title="bbox 448 3957 1570 4057">
     <span class='ocr_line' id='line_1_19' title="bbox 448 3957 1570 4057; baseline -0.002 -23"><span class='ocrx_word' id='word_1_128' title='bbox 448 3973 479 4034; x_wconf 87' lang='lat' dir='ltr'><strong>l.</strong></span> <span class='ocrx_word' id='word_1_129' title='bbox 508 3965 665 4034; x_wconf 82' lang='lat' dir='ltr'><strong>Domino</strong></span> <span class='ocrx_word' id='word_1_130' title='bbox 682 3961 842 4033; x_wconf 81' lang='lat' dir='ltr'>Johanni</span> <span class='ocrx_word' id='word_1_131' title='bbox 862 3959 1040 4033; x_wconf 81' lang='lat' dir='ltr'>Malisone</span> <span class='ocrx_word' id='word_1_132' title='bbox 1058 3957 1226 4057; x_wconf 81' lang='lat' dir='ltr'>magistro</span> <span class='ocrx_word' id='word_1_133' title='bbox 1244 3960 1338 4033; x_wconf 77' lang='lat' dir='ltr'>scole</span> <span class='ocrx_word' id='word_1_134' title='bbox 1356 3958 1507 4032; x_wconf 78' lang='lat' dir='ltr'>muslces</span> <span class='ocrx_word' id='word_1_135' title='bbox 1525 3963 1570 4033; x_wconf 89' lang='lat' dir='ltr'><strong>de</strong></span> 
     </span>
    </p>

    <p class='ocr_par' dir='ltr' id='par_1_13' title="bbox 444 4073 1793 4615">
     <span class='ocr_line' id='line_1_20' title="bbox 561 4073 1791 4168; baseline 0.001 -23"><span class='ocrx_word' id='word_1_136' title='bbox 561 4077 720 4146; x_wconf 80' lang='lat' dir='ltr'><strong>Cantore</strong></span> <span class='ocrx_word' id='word_1_137' title='bbox 1677 4078 1709 4168; x_wconf 84' lang='lat' dir='ltr'><strong>vj</strong></span> <span class='ocrx_word' id='word_1_138' title='bbox 1730 4073 1791 4146; x_wconf 73' lang='lat' dir='ltr'>lib.</span> 
     </span>
     <span class='ocr_line' id='line_1_21' title="bbox 445 4181 1793 4281; baseline -0.002 -24"><span class='ocrx_word' id='word_1_139' title='bbox 445 4199 477 4258; x_wconf 80' lang='lat'><strong>9.</strong></span> <span class='ocrx_word' id='word_1_140' title='bbox 505 4187 663 4257; x_wconf 88' lang='lat' dir='ltr'>Domino</span> <span class='ocrx_word' id='word_1_141' title='bbox 680 4185 840 4256; x_wconf 80' lang='lat' dir='ltr'>Johanni</span> <span class='ocrx_word' id='word_1_142' title='bbox 859 4182 995 4256; x_wconf 87' lang='lat' dir='ltr'>Litster</span> <span class='ocrx_word' id='word_1_143' title='bbox 1011 4185 1057 4254; x_wconf 80' lang='lat' dir='ltr'><strong>de</strong></span> <span class='ocrx_word' id='word_1_144' title='bbox 1072 4181 1283 4255; x_wconf 77' lang='lat' dir='ltr'>Monimusk</span> <span class='ocrx_word' id='word_1_145' title='bbox 1410 4237 1417 4252; x_wconf 93' lang='lat'><strong>.</strong></span> <span class='ocrx_word' id='word_1_146' title='bbox 1519 4187 1604 4279; x_wconf 82' lang='lat' dir='ltr'><strong>xxvj</strong></span> <span class='ocrx_word' id='word_1_147' title='bbox 1623 4184 1656 4255; x_wconf 79' lang='lat' dir='ltr'><strong>ss.</strong></span> <span class='ocrx_word' id='word_1_148' title='bbox 1678 4189 1739 4281; x_wconf 84' lang='lat' dir='ltr'>viij</span> <span class='ocrx_word' id='word_1_149' title='bbox 1757 4187 1793 4258; x_wconf 80' lang='lat' dir='ltr'><strong>d.</strong></span> 
     </span>
     <span class='ocr_line' id='line_1_22' title="bbox 445 4292 1791 4392; baseline 0 -24"><span class='ocrx_word' id='word_1_150' title='bbox 445 4309 476 4368; x_wconf 82' lang='lat'><strong>3.</strong></span> <span class='ocrx_word' id='word_1_151' title='bbox 506 4299 663 4367; x_wconf 89' lang='lat' dir='ltr'><strong>Domino</strong></span> <span class='ocrx_word' id='word_1_152' title='bbox 678 4296 889 4367; x_wconf 82' lang='lat' dir='ltr'><strong>Alexandro</strong></span> <span class='ocrx_word' id='word_1_153' title='bbox 902 4295 1039 4367; x_wconf 82' lang='lat' dir='ltr'>Bawne</span> <span class='ocrx_word' id='word_1_154' title='bbox 1050 4292 1213 4366; x_wconf 83' lang='lat' dir='ltr'><strong>fimiliter</strong></span> <span class='ocrx_word' id='word_1_155' title='bbox 1224 4297 1269 4367; x_wconf 87' lang='lat' dir='ltr'><strong>de</strong></span> <span class='ocrx_word' id='word_1_156' title='bbox 1284 4293 1493 4374; x_wconf 63' lang='lat' dir='ltr'>Monimusst</span> <span class='ocrx_word' id='word_1_157' title='bbox 1516 4299 1603 4389; x_wconf 82' lang='lat' dir='ltr'>xxvj</span> <span class='ocrx_word' id='word_1_158' title='bbox 1623 4294 1656 4368; x_wconf 79' lang='lat' dir='ltr'><strong>ss.</strong></span> <span class='ocrx_word' id='word_1_159' title='bbox 1676 4301 1736 4392; x_wconf 85' lang='lat' dir='ltr'><strong>viij</strong></span> <span class='ocrx_word' id='word_1_160' title='bbox 1755 4299 1791 4370; x_wconf 76' lang='lat' dir='ltr'><strong>d.</strong></span> 
     </span>
     <span class='ocr_line' id='line_1_23' title="bbox 446 4405 1790 4505; baseline 0.002 -27"><span class='ocrx_word' id='word_1_161' title='bbox 446 4417 477 4478; x_wconf 81' lang='lat'><strong>4.</strong></span> <span class='ocrx_word' id='word_1_162' title='bbox 506 4405 681 4502; x_wconf 83' lang='lat' dir='ltr'>Magistro</span> <span class='ocrx_word' id='word_1_163' title='bbox 698 4407 857 4479; x_wconf 80' lang='lat' dir='ltr'><strong>Johanni</strong></span> <span class='ocrx_word' id='word_1_164' title='bbox 876 4407 997 4478; x_wconf 81' lang='lat' dir='ltr'>Awell</span> <span class='ocrx_word' id='word_1_165' title='bbox 1016 4409 1061 4480; x_wconf 82' lang='lat' dir='ltr'><strong>de</strong></span> <span class='ocrx_word' id='word_1_166' title='bbox 1079 4407 1185 4501; x_wconf 88' lang='lat' dir='ltr'>Oyne</span> <span class='ocrx_word' id='word_1_167' title='bbox 1299 4461 1307 4478; x_wconf 88' lang='lat'><strong>.</strong></span> <span class='ocrx_word' id='word_1_168' title='bbox 1411 4461 1419 4480; x_wconf 91' lang='lat'><strong><em>.</em></strong></span> <span class='ocrx_word' id='word_1_169' title='bbox 1519 4411 1606 4503; x_wconf 86' lang='lat' dir='ltr'>xxvj</span> <span class='ocrx_word' id='word_1_170' title='bbox 1621 4406 1654 4480; x_wconf 77' lang='lat' dir='ltr'><strong>ss.</strong></span> <span class='ocrx_word' id='word_1_171' title='bbox 1675 4413 1735 4505; x_wconf 84' lang='lat' dir='ltr'><strong>viij</strong></span> <span class='ocrx_word' id='word_1_172' title='bbox 1754 4409 1790 4481; x_wconf 77' lang='lat' dir='ltr'><strong>d.</strong></span> 
     </span>
     <span class='ocr_line' id='line_1_24' title="bbox 444 4517 1789 4615; baseline 0.004 -28"><span class='ocrx_word' id='word_1_173' title='bbox 444 4529 476 4589; x_wconf 83' lang='lat'><strong>5.</strong></span> <span class='ocrx_word' id='word_1_174' title='bbox 504 4519 661 4588; x_wconf 90' lang='lat' dir='ltr'>Domino</span> <span class='ocrx_word' id='word_1_175' title='bbox 678 4518 837 4590; x_wconf 81' lang='lat' dir='ltr'>Johanni</span> <span class='ocrx_word' id='word_1_176' title='bbox 856 4517 1023 4589; x_wconf 83' lang='lat' dir='ltr'><strong>Fentoun</strong></span> <span class='ocrx_word' id='word_1_177' title='bbox 1043 4520 1089 4592; x_wconf 84' lang='lat' dir='ltr'><strong>de</strong></span> <span class='ocrx_word' id='word_1_178' title='bbox 1105 4518 1297 4612; x_wconf 79' lang='lat' dir='ltr'><strong>Banchory</strong></span> <span class='ocrx_word' id='word_1_179' title='bbox 1407 4574 1414 4588; x_wconf 93' lang='lat'><em>.</em></span> <span class='ocrx_word' id='word_1_180' title='bbox 1516 4522 1602 4614; x_wconf 84' lang='lat' dir='ltr'>xxvj</span> <span class='ocrx_word' id='word_1_181' title='bbox 1621 4521 1653 4591; x_wconf 76' lang='lat' dir='ltr'><strong>fl.</strong></span> <span class='ocrx_word' id='word_1_182' title='bbox 1675 4525 1735 4615; x_wconf 84' lang='lat' dir='ltr'><strong>viij</strong></span> <span class='ocrx_word' id='word_1_183' title='bbox 1753 4521 1789 4592; x_wconf 78' lang='lat' dir='ltr'><strong>d.</strong></span> 
     </span>
    </p>
   </div>
   <div class='ocr_carea' id='block_1_11' title="bbox 0 0 2043 5534">
    <p class='ocr_par' dir='ltr' id='par_1_14' title="bbox 0 0 2043 5534">
     <span class='ocr_line' id='line_1_25' title="bbox 0 0 2043 5534; baseline 0 0"><span class='ocrx_word' id='word_1_184' title='bbox 0 0 2043 5534; x_wconf 95' lang='lat' dir='ltr'><strong> </strong></span> 
     </span>
    </p>
   </div>
  </div>
 </body>
</html>
