4050 5534
443 671 488 734 88
962 657 1270 732 REGISTRUM
1637 663 1789 759 [sucum

442 861 653 956 scriptarum
670 861 707 930 iu
727 859 895 930 omnibus
912 856 983 930 suia
999 857 1143 952 punstis
1160 867 1199 930 et
1216 857 1378 931 articulis
1396 859 1490 932 dicte
1513 858 1635 932 mense
1652 863 1791 956 eapitu-

445 975 510 1045 lari
536 996 601 1066 pro
617 972 722 1044 nobis
738 980 777 1042 et
794 967 1049 1043 successoribus
1075 965 1204 1040 nostris
1225 971 1441 1043 austoritate
1468 967 1589 1044 nostra
1614 974 1792 1045 ordinaria

444 1091 712 1180 imperpetuum
743 1083 982 1178 approbamus
1016 1081 1235 1154 ratificamus
1264 1093 1303 1154 ct
1333 1083 1586 1154 confirmamus
1620 1087 1723 1157 iuxta
1753 1095 1791 1156 et

445 1199 640 1270 secuudum
667 1206 812 1268 tenores
837 1194 1061 1266 earundem·
1082 1191 1233 1288 Insuper
1257 1217 1321 1289 pro
1347 1195 1451 1266 nobis
1476 1203 1515 1266 et
1538 1193 1791 1268 successoribus

446 1307 574 1381 nostris
601 1309 825 1381 declaramus
841 1305 938 1399 quod
955 1306 1002 1378 ab
1019 1305 1168 1398 antiquo
1195 1307 1359 1378 canonici
1380 1307 1474 1378 diste
1500 1305 1648 1380 ecclesie
1674 1303 1792 1380 nostre

447 1425 492 1493 dc
517 1423 686 1517 predittis
711 1415 870 1513 ecclesrjs
895 1417 1148 1490 communibus
1175 1419 1322 1489 suerunt
1348 1419 1528 1490 immunes
1553 1429 1591 1490 et
1617 1418 1722 1491 liberi
1747 1421 1793 1492 ab

448 1537 547 1605 omni
564 1529 784 1628 prestatione
800 1525 943 1624 subfidij
957 1539 996 1602 ct
1009 1550 1306 1623 quarumcunque
1323 1528 1473 1601 aliarum
1488 1530 1717 1602 exadionnm
1731 1571 1740 1588 ·
1756 1543 1794 1603 et

448 1656 638 1740 propterea
655 1642 886 1716 concedimus
904 1643 999 1735 quod
1018 1650 1093 1712 tam
1112 1641 1158 1712 de
1175 1643 1343 1734 predittis
1361 1637 1518 1735 ecclesrjs
1540 1643 1793 1715 communibus

449 1781 556 1852 quam
574 1759 610 1828 in
629 1758 792 1827 futurum
810 1754 1017 1826 obtinendis
1035 1749 1099 1847 ipsr
1116 1757 1278 1826 canonici
1297 1765 1335 1826 et
1353 1776 1475 1826 eorum
1494 1752 1705 1828 successores
1722 1753 1792 1828 smt

451 1870 553 1941 liberi
578 1894 600 1941 a
625 1865 777 1939 subsidio
807 1876 846 1938 et
872 1863 1141 1960 quibuscunque
1168 1865 1249 1960 alijs
1278 1866 1525 1938 exustionibus
1549 1890 1615 1960 per
1638 1891 1704 1938 nos
1729 1879 1793 1939 aut

449 1977 587 2052 nostros
611 1976 822 2052 successores
846 1980 1034 2073 exigendis
1052 1977 1111 2048 vel
1136 1977 1300 2050 leuandis
1325 2001 1541 2072 quocunqne
1566 1989 1730 2074 tempore
1755 1982 1790 2050 in

450 2095 613 2165 futurum
632 2133 641 2151 ·
660 2089 811 2185 Insuper
836 2092 921 2183 quia
945 2093 982 2162 in
1008 2087 1145 2162 statuto
1169 2091 1349 2184 quondam
1376 2090 1470 2161 bone
1495 2093 1668 2163 memorie
1692 2091 1790 2163 Petri

449 2202 700 2300 predecessoris
725 2199 834 2275 nostri
860 2203 1007 2274 condito
1025 2204 1238 2275 austeritate
1256 2201 1450 2295 apostolica
1467 2203 1589 2298 vigore
1610 2202 1790 2276 cuiusdam

449 2317 550 2389 bullo
574 2317 745 2412 plumbee
771 2315 886 2385 felicis
912 2315 1169 2387 recordationis
1195 2313 1403 2408 Innocencij
1425 2337 1516 2408 pape
1541 2318 1660 2408 quarti
1688 2339 1791 2387 caue-

450 2440 511 2500 tur
544 2428 635 2525 quod
658 2453 680 2500 u
703 2428 875 2500 cononicis
907 2425 1044 2520 caenys
1077 2424 1256 2522 capellum
1280 2434 1313 2498 et
1336 2423 1467 2498 clericis
1495 2423 1591 2498 elon·
1613 2451 1737 2500 necnon
1762 2437 1792 2501 et

449 2565 563 2612 eonem
594 2539 771 2635 moumpija
798 2537 894 2634 infru
920 2539 1097 2610 eunonium
1131 2536 1400 2635 Aberdorreusem
1431 2537 1657 2610 decedentibus
1691 2539 1796 2613 nichil

449 2655 580 2724 rotrone
622 2651 807 2740 mor-tuarij
834 2649 874 2721 ab
906 2648 1020 2746 aliquo
1053 2651 1209 2747 easqatur
1242 2648 1307 2746 sed
1344 2657 1471 2720 tonum
1507 2650 1676 2746 sufficimst
1712 2677 1791 2751 prn-

449 2766 532 2836 taire
563 2763 742 2836 oblationes
774 2771 823 2834 etc
851 2803 860 2818 ·
891 2771 930 2834 ct
964 2762 1059 2854 quod
1085 2762 1213 2854 prefati
1239 2763 1402 2833 canonici
1438 2771 1476 2833 et
1509 2760 1659 2854 persone
1689 2763 1789 2859 supe-

448 2879 523 2948 rius
541 2873 714 2972 designati
734 2876 857 2970 vigore
882 2871 1083 2944 huiusmodi
1104 2869 1228 2945 statuti
1250 2871 1362 2944 nichil
1388 2868 1687 2966 predecessoribus
1713 2875 1790 2948 nos-

447 2993 513 3061 tris
530 3013 595 3082 pro
613 2985 944 3059 confirmationibus
968 2981 1266 3056 testamentorum
1285 2981 1428 3055 suorum
1446 2983 1695 3078 persoluemnt
1712 3012 1789 3082 pre-

447 3111 611 3193 terquam
634 3098 857 3193 temporibus
875 3097 1053 3189 quondam
1074 3094 1225 3168 Henrici
1243 3106 1281 3167 et
1300 3094 1480 3191 Ingerami
1508 3096 1787 3190 predecessorum

448 3209 649 3281 nostrorum
668 3210 799 3302 quibus
817 3210 862 3279 de
883 3210 1135 3280 canonicorum
1163 3203 1396 3280 residentium
1422 3207 1546 3280 fauore
1571 3219 1610 3281 et
1636 3211 1789 3284 liberali-

447 3332 524 3392 tate
542 3322 589 3392 ob
606 3342 773 3414 magnam
798 3329 836 3390 et
862 3317 1060 3390 notabilem
1089 3319 1259 3391 fabricam
1286 3315 1435 3392 ecclesia
1461 3320 1676 3394 cathedralis
1702 3335 1787 3396 tunc

447 3435 669 3505 eminentem
703 3430 930 3503 confirmacio
960 3427 1160 3502 huiusmodi
1196 3427 1493 3503 testamentorum
1528 3433 1599 3503 fuit
1629 3433 1787 3508 concessa

447 3547 549 3616 cuius
572 3539 805 3616 concessionis
823 3545 945 3637 vigore
970 3543 1193 3635 temporibus
1211 3539 1281 3613 suis
1299 3543 1395 3614 dieta
1420 3540 1638 3618 testamenta
1662 3549 1788 3620 confir-

446 3666 592 3728 marunt
621 3699 629 3716 ·
657 3664 696 3727 et
726 3656 810 3748 quia
839 3653 1042 3726 huiusmodi
1077 3651 1294 3726 testamenta
1323 3678 1388 3748 per
1416 3665 1523 3728 antea
1553 3657 1697 3730 fuerant
1726 3683 1787 3754 per

447 3770 622 3839 decanum
648 3776 687 3837 et
710 3764 910 3859 capitulum
935 3761 1086 3836 ecclesie
1108 3765 1285 3858 prelibato
1312 3765 1523 3838 confirmata
1551 3779 1658 3860 prout
1686 3769 1788 3866 super

445 3881 515 3972 hijs
532 3881 576 3949 ad
602 3878 752 3972 plenum
777 3877 1014 3947 informamur
1038 3875 1125 3948 lieet
1150 3873 1273 3970 postea
1290 3879 1336 3950 ab
1353 3877 1532 3970 aliquibus
1555 3879 1789 3955 dubitabatur

448 4015 492 4062 au
511 4015 576 4084 per
592 3986 794 4061 huiusmodi
808 3987 918 4058 verba
934 3989 971 4058 in
986 3989 1081 4059 disto
1094 3985 1229 4060 statuto
1247 3997 1421 4060 contenta
1437 3990 1664 4062 confirmacio
1682 3991 1788 4068 testa-

446 4110 649 4172 mentorum
666 4099 905 4193 predittorum
925 4099 970 4169 ad
990 4099 1165 4172 decanum
1185 4110 1222 4170 et
1240 4099 1439 4194 capitulum
1453 4099 1612 4193 spcstare
1630 4104 1760 4178 debeat
1778 4149 1785 4163 ·

446 4211 526 4285 Nos
543 4211 590 4282 ob
607 4211 779 4281 bonorem
803 4211 1064 4302 omnipotentis
1083 4210 1152 4282 Dei
1176 4212 1519 4305 ampliationemque
1537 4213 1657 4286 cultus
1675 4217 1785 4292 diuini

445 4337 484 4394 et
503 4326 540 4393 in
557 4321 716 4392 fauorem
735 4323 988 4392 canonicorum
1007 4322 1102 4394 diste
1119 4319 1267 4395 ecclesie
1285 4319 1404 4394 nostre
1421 4321 1573 4396 residere
1587 4325 1784 4400 volentium

445 4435 579 4506 ibidem
598 4431 679 4504 Deo
696 4430 928 4504 seruientium
948 4442 986 4503 et
1006 4435 1271 4527 imperpetuum
1290 4432 1545 4506 seruiturorum
1565 4436 1787 4514 declaramus

446 4555 483 4616 et
501 4547 715 4636 inquantum
730 4566 819 4636 opus
837 4541 890 4614 est
903 4544 949 4614 de
962 4567 1058 4615 nouo
1071 4541 1262 4616 statuimus
1276 4555 1313 4617 et
1327 4547 1557 4617 concedimus
1571 4548 1616 4618 de
1632 4554 1788 4623 vnanimi
