4050 5534
963 615 1271 691 REGIS'IRUM
1637 619 1790 716 [sucum

540 927 683 1003 LXIX.
711 927 841 1002 Dands
857 926 941 1000 sunt
958 929 1099 1000 decime
1116 929 1162 1000 de
1179 929 1347 1001 omnibus
1364 952 1434 1022 que
1451 942 1674 1003 renouentur
1689 972 1698 988 ·

448 1155 545 1228 Item
571 1155 710 1227 decime
736 1154 932 1225 reddantur
948 1153 1002 1224 =de
1027 1153 1195 1224 omuibus
1220 1175 1292 1246 que
1316 1165 1538 1226 renouentur
1566 1176 1790 1248 perannum

448 1268 619 1341 videlicet
635 1269 681 1339 de
697 1265 917 1362 agricultura
941 1266 1251 1361 negociationibus
1267 1266 1353 1338 feno
1378 1265 1453 1338 lino
1478 1266 1563 1339 lana
1578 1276 1618 1339 et
1635 1265 1730 1340 labbe
1752 1278 1792 1340 et

448 1383 494 1454 de
518 1379 755 1475 prouentibus
779 1378 1068 1450 molendinorum
1086 1389 1126 1451 et
1143 1379 1189 1451 de
1206 1379 1373 1450 omnibus
1389 1379 1470 1472 alijs
1494 1376 1653 1452 honestis
1669 1380 1791 1450 fructi·

447 1495 516 1567 bus
531 1492 727 1566 secuudum
745 1489 1023 1564 conibetudiues
1038 1491 1255 1584 approbatas
1271 1491 1445 1564 hacteuus
1461 1501 1501 1563 et
1518 1493 1687 1564 obtentas
1704 1533 1713 1548 ·

670 1715 794 1789 LXX.
821 1713 921 1800 Quot
937 1714 1090 1787 collecte
1106 1715 1259 1786 dicende
1275 1712 1360 1786 suut
1375 1718 1415 1786 iu
1431 1711 1541 1788 miffis
1559 1758 1566 1773 ·

448 1945 556 2018 Sacre
574 1941 710 2037 Synodi
735 1939 993 2036 approbatione
1018 1938 1208 2012 salubriter
1224 1939 1394 2012 duximus
1419 1937 1650 2014 statuendum
1668 1953 1710 2014 vt
1725 1967 1790 2037 per

448 2051 626 2152 dyocesim
650 2051 807 2126 nostram
824 2055 863 2125 in
881 2053 1125 2125 celebratione
1150 2048 1332 2124 miliarum
1356 2064 1609 2146 preterquam
1631 2051 1788 2127 infestis

447 2167 649 2264 duplicibus
676 2167 843 2238 dicantur
863 2167 1023 2257 quinque
1047 2163 1199 2236 colithe
1215 2187 1286 2237 vua
1303 2166 1349 2237 de
1365 2188 1455 2259 pace
1479 2165 1628 2239 ecclelia
1652 2166 1788 2240 scillcet

447 2299 625 2354 socruum
647 2299 724 2350 rua
748 2297 847 2358 uuas
872 2296 1025 2348 Douma
1051 2295 1193 2348 raucus
1217 2287 1288 2350 etc
1313 2277 1385 2350 alia
1408 2299 1474 2372 pro
1497 2279 1643 2351 domino
1668 2277 1788 2353 nostro

446 2395 549 2490 Rege
578 2402 617 2466 at
647 2391 789 2486 Regina
817 2399 856 2462 et
889 2411 1014 2462 eorum
1045 2388 1129 2484 filijs
1161 2387 1299 2462 scilicet
1329 2410 1429 2462 uuus
1457 2411 1500 2462 m
1530 2413 1645 2464 curus
1678 2415 1788 2466 nasu

445 2527 573 2580 corsus
589 2525 688 2577 surr
706 2523 842 2576 aucum
860 2543 868 2559 ·

758 2725 904 2800 LXXI.
931 2724 989 2797 De
1006 2721 1210 2799 visitatione
1226 2727 1449 2799 infirmorum
1468 2771 1476 2784 ·

445 2955 542 3028 Item
560 2977 642 3026 cum
660 2949 906 3048 prelbyterum
924 2951 969 3024 ad
987 2951 1172 3047 infirmum
1185 2953 1304 3023 vocari
1321 2955 1515 3047 contigerit
1528 2951 1556 3024 fi
1568 2954 1694 3028 audita
1709 2958 1786 3028 eius

444 3063 660 3141 confeffione
673 3068 767 3138 forte
780 3062 902 3138 testari
916 3063 1073 3136 voluerit
1089 3061 1205 3157 ipsum
1222 3064 1415 3159 dIIIgenter
1427 3076 1576 3138 moueat
1588 3077 1628 3138 et
1640 3069 1788 3142 inducat

445 3190 485 3252 vt
501 3178 697 3252 secundum
721 3177 914 3249 facultates
933 3172 1013 3248 suas
1036 3172 1203 3270 respiciat
1219 3176 1391 3248 fabricam
1408 3174 1556 3250 ecclesie
1572 3179 1788 3253 cathedralis

444 3314 527 3365 cum
546 3293 591 3365 ab
609 3289 683 3385 Ipsa
699 3289 921 3383 parochiales
939 3283 1089 3360 eccleiie
1107 3290 1326 3361 documenta
1342 3287 1467 3362 salutis
1483 3293 1682 3385 acciplunt·
1697 3293 1788 3365 fiant

443 3407 482 3476 in
500 3405 606 3475 huius
623 3399 854 3474 exsecutione
867 3398 994 3473 statuti
1011 3424 1078 3495 per
1088 3397 1306 3494 superiorem
1323 3412 1432 3495 prout
1448 3404 1620 3496 expedire
1633 3405 1763 3478 viderit
1777 3449 1785 3462 ·

711 3625 878 3699 LXXII.
905 3625 1150 3698 MonitIonem
1168 3627 1332 3698 faciendo
1350 3623 1494 3721 leprosis
1511 3668 1519 3684 ·
1602 3567 1605 3570 ἱ

444 3855 540 3928 Item
570 3855 616 3926 de
645 3853 714 3946 hijs
744 3853 805 3944 qui
834 3851 934 3944 lepre
967 3851 1135 3924 morbum
1164 3853 1354 3923 incurrunt
1383 3861 1421 3922 et
1451 3851 1497 3922 de
1527 3851 1787 3928 cousuetudine

443 3966 602 4064 generali
631 3990 654 4038 a
679 3967 931 4036 communione
961 3964 1149 4034 homiuum
1178 3961 1387 4057 separantur
1415 3960 1607 4036 statuimus
1633 3975 1674 4038 vt
1702 3991 1786 4040 cum

443 4082 534 4154 tales
569 4081 614 4152 ad
652 4078 731 4150 loca
763 4076 800 4150 se
834 4075 1052 4148 tranfferunt
1090 4074 1248 4149 solitaria
1283 4085 1500 4148 moneantur
1537 4077 1732 4151 efficaciter
1765 4105 1787 4152 a

442 4191 656 4290 presbyteris
681 4193 719 4263 in
745 4213 869 4262 eorum
894 4185 1029 4262 recellu
1050 4199 1091 4260 vt
1115 4187 1356 4282 parochialem
1381 4184 1569 4261 ecclesiam
1595 4187 1787 4284 respiciant

441 4306 637 4378 secundum
653 4303 797 4377 suarum
822 4303 1047 4397 cxigenciam
1065 4301 1280 4373 facultatum
1298 4300 1343 4371 ad
1361 4300 1458 4392 quod
1475 4297 1502 4371 sr
1520 4303 1643 4374 induci
1660 4307 1788 4397 nequi-

440 4421 561 4490 uerint
591 4417 692 4489 nulla
715 4419 768 4488 eis
792 4416 929 4488 coactio
954 4416 1131 4485 inferatur
1158 4435 1241 4484 cum
1269 4411 1409 4484 afflictis
1436 4435 1511 4484 non
1541 4414 1673 4487 debeat
1702 4417 1786 4489 addi

440 4531 572 4606 afflixio
588 4526 643 4601 set
659 4525 814 4623 ipsorum
832 4521 981 4619 miserijs
998 4522 1044 4598 lit
1060 4527 1184 4620 pocius
1200 4523 1443 4597 miserendum
1461 4567 1469 4582 ·
