4050 5534
396 657 442 729 70
488 683 494 696 ·
915 643 1224 719 REGISTRUM
1592 648 1746 744 [sncum

398 962 549 1034 Statuta
567 971 606 1034 et
623 962 868 1033 ordinationes
884 959 1073 1032 reuerendi
1099 959 1212 1052 patris
1237 957 1419 1054 Ingerami
1438 957 1594 1054 episcopi
1611 958 1745 1032 Abbir·

398 1070 564 1146 donensis
580 1072 626 1146 de
642 1073 825 1146 communi
843 1068 1015 1143 consensu
1033 1072 1159 1144 decani
1178 1080 1215 1143 et
1233 1072 1385 1166 capituli
1402 1071 1456 1145 sni
1474 1070 1698 1166 sequuntur·

401 1299 460 1372 De
476 1300 705 1394 reparatione
721 1319 917 1392 capparum
934 1304 973 1367 et
991 1297 1181 1368 taxatione
1198 1296 1463 1390 prebendarum
1481 1320 1546 1390 pro
1564 1295 1717 1370 eisdem·

400 1502 509 1597 Aua
536 1525 652 1619 primo
677 1522 738 1595 die
762 1520 977 1594 Decembris
1002 1541 1099 1591 anno
1123 1517 1273 1590 Domini
1292 1517 1481 1593 millesimo
1506 1523 1745 1618 quadringen-

399 1634 529 1710 tesimo
562 1629 832 1730 quadragesimo
865 1633 992 1704 ostano
1027 1629 1254 1724 presentibus
1296 1634 1495 1704 renerendo
1529 1636 1566 1705 in
1602 1633 1744 1708 Christo

400 1758 503 1844 patre
520 1747 712 1842 Ingeramo
734 1745 805 1817 Dei
830 1745 948 1840 gratia
963 1739 1131 1837 episcopo
1148 1740 1416 1815 Abbirdonensi
1442 1745 1580 1816 decano
1597 1744 1744 1818 absente

401 1862 555 1932 dominis
580 1867 619 1930 et
643 1854 822 1952 magistris
851 1855 1014 1926 Henrico
1042 1853 1172 1947 Heruy
1194 1863 1342 1926 cantore
1368 1853 1549 1927 Duncano
1578 1856 1743 1950 Lychton

399 1971 614 2045 cancellario
627 1968 790 2040 Henrico
807 1968 916 2062 Rynd
933 1962 1154 2038 thesaurario
1172 1964 1374 2038 Laurencio
1393 1965 1478 2038 Piot
1496 1970 1744 2043 archidiacono

400 2097 438 2157 et
455 2084 623 2155 omnibus
648 2081 728 2152 aliia
753 2081 935 2152 canonicis
960 2073 1110 2150 ecclesie
1128 2075 1415 2150 Abbirdonensrs
1439 2103 1505 2172 per
1530 2079 1659 2174 seipsos
1684 2081 1743 2154 seu

402 2206 649 2291 procuratores
666 2191 746 2264 suos
764 2191 1056 2284 comparentibus
1073 2189 1118 2260 ad
1136 2189 1406 2260 reformandum
1424 2213 1536 2264 vnum
1554 2196 1743 2286 antiquum

400 2307 578 2381 statutum
603 2306 700 2399 quod
725 2305 861 2375 fabium
886 2303 996 2373 suerit
1014 2324 1079 2394 pro
1100 2303 1223 2395 cappis
1248 2302 1482 2395 prouidendis
1507 2305 1552 2376 ad
1579 2305 1743 2378 decorem

400 2423 528 2492 domus
545 2418 617 2490 Dei
635 2458 644 2475 ·
662 2419 700 2488 in
727 2439 798 2508 quo
815 2415 962 2508 quidem
985 2410 1123 2484 statuto
1148 2413 1219 2484 fuit
1237 2415 1444 2485 ordinatum
1470 2417 1566 2508 quod
1592 2417 1744 2509 quilibet

400 2534 594 2605 canonicus
623 2530 661 2602 in
689 2529 785 2600 dicta
811 2521 961 2598 ecclesia
990 2529 1130 2596 intrans
1164 2523 1321 2598 solueret
1347 2527 1383 2596 in
1412 2529 1528 2620 primo
1558 2553 1654 2601 anno
1683 2530 1744 2602 sue

400 2644 617 2738 receptionis
643 2643 681 2713 in
716 2641 930 2712 canonicum
958 2639 1140 2710 decimum
1170 2638 1358 2710 denarium
1385 2635 1446 2710 sue
1472 2642 1655 2732 prebende
1680 2665 1744 2738 pro

401 2781 515 2850 cappa
531 2753 710 2827 emenda·
728 2749 779 2824 Et
796 2753 882 2844 quia
898 2751 1034 2822 didtum
1053 2747 1229 2821 statutum
1244 2751 1412 2822 omnibus
1426 2749 1657 2824 consideratis
1674 2755 1745 2826 suit

400 2871 508 2941 nimis
521 2865 708 2939 onerosum
728 2863 846 2936 didius
863 2863 1031 2934 dominus
1044 2859 1230 2956 episcopus
1248 2872 1287 2934 et
1304 2858 1409 2934 suum
1426 2863 1626 2957 capitulum
1644 2877 1746 2938 ante-

401 2984 536 3054 dictum
554 2977 602 3050 src
618 2987 766 3074 propter
778 2977 847 3048 hoc
863 2974 1112 3069 capitulariter
1124 2982 1384 3069 congregatum
1398 2976 1632 3048 attendentes
1649 2979 1745 3070 quod

401 3096 533 3165 exinde
551 3091 692 3162 nullum
710 3090 866 3160 frustum
892 3088 1091 3180 reportabit
1109 3081 1260 3157 ecclesia
1285 3087 1468 3158 anteditta
1485 3082 1689 3160 statuerunt
1706 3101 1746 3162 et

401 3207 660 3277 ordinauerunt
677 3201 772 3293 quod
798 3222 924 3270 omnes
940 3199 1104 3269 canonici
1130 3193 1279 3268 ecclesie
1304 3193 1590 3270 Abbirdonensrs
1610 3221 1747 3272 memo-

401 3328 479 3389 rate
496 3326 572 3387 tam
590 3316 627 3385 in
645 3314 824 3407 dignitate
849 3307 1036 3383 constituti
1054 3332 1162 3401 quam
1183 3310 1245 3403 alij
1272 3317 1311 3380 et
1334 3319 1410 3380 tam
1427 3309 1611 3402 presentes
1636 3335 1746 3404 quarn

400 3429 514 3501 futuri
531 3423 674 3497 soluent
691 3425 882 3495 duodecim
900 3423 1065 3494 denarios
1081 3421 1127 3492 de
1145 3421 1308 3512 qualibet
1324 3420 1416 3492 libra
1433 3419 1576 3494 suarum
1595 3424 1746 3516 preben-

401 3544 528 3613 darum
544 3537 741 3610 secnndum
767 3557 892 3607 verum
911 3535 1070 3606 valorem
1097 3533 1295 3604 earundem
1312 3543 1421 3628 prout
1447 3533 1554 3604 modo
1572 3544 1747 3607 taxantur

401 3674 553 3748 quarum
570 3659 657 3721 taxa
674 3646 904 3719 subscribitur
920 3647 966 3718 ad
983 3653 1196 3739 perpetuam
1214 3646 1266 3716 rei
1284 3647 1495 3718 memoriam
1514 3655 1553 3717 et
1566 3648 1634 3718 hoc
1652 3651 1747 3721 infra

400 3787 536 3838 annum
558 3758 746 3857 postquam
763 3756 965 3853 possessores
990 3753 1237 3850 possessionem
1255 3757 1441 3850 pacificam
1461 3759 1625 3851 optinere
1642 3771 1746 3852 pote-

401 3887 488 3949 runt
504 3877 542 3945 in
560 3871 694 3945 eisdem
708 3871 875 3943 omnibus
892 3871 1018 3942 fraude
1032 3877 1070 3940 et
1084 3869 1168 3939 dolo
1182 3871 1331 3940 remotis
1348 3871 1494 3962 penitus
1512 3879 1551 3942 et
1569 3867 1743 3944 exclusis·

401 3986 585 4085 presentes
614 4007 700 4055 vero
729 3983 862 4054 didam
896 3992 1045 4074 quotam
1084 3977 1301 4052 satiffaeient
1331 3983 1421 4052 citra
1454 3978 1585 4053 felium
1621 3983 1746 4056 Sancti

399 4100 577 4172 Jobannis
595 4091 759 4188 Baptista
770 4102 808 4164 et
826 4093 950 4165 Santti
965 4091 1158 4164 Michaelis
1176 4091 1382 4186 archangeli
1397 4094 1561 4185 proxime
1579 4093 1745 4165 futurum

398 4236 464 4306 per
476 4209 623 4302 equales
639 4207 823 4300 portiones
840 4245 849 4262 ·
868 4203 919 4274 Et
936 4205 981 4275 ad
999 4205 1244 4297 receptionem
1258 4213 1296 4275 et
1307 4202 1617 4276 conseruationem
1632 4219 1747 4297 quote

398 4322 580 4396 antedicta
596 4318 733 4391 olenus
750 4314 804 4389 est
821 4314 1063 4388 thesaurarius
1076 4337 1140 4408 pro
1156 4315 1241 4387 diui
1259 4314 1410 4407 capituli
1427 4313 1532 4386 libito
1547 4315 1748 4390 voluntatis

398 4435 459 4527 qui
486 4433 597 4503 didas
614 4429 769 4501 summas
793 4428 905 4500 habet
932 4426 1054 4526 leuare
1080 4425 1282 4518 sumptibus
1308 4435 1347 4498 et
1372 4423 1537 4519 expensis
1563 4429 1609 4500 de
1634 4441 1749 4522 quota

398 4545 553 4619 leuanda
569 4540 819 4636 percipiendis.
