4050 5534
444 664 511 737 172
957 645 1264 725 REGISTRUM
1625 654 1780 751 [sucum

442 854 703 929 celebrantium
724 852 771 925 nd
795 852 909 925 altere
934 849 1061 927 senffi
1086 850 1235 925 Andree
1250 846 1503 925 custodiendus
1531 854 1628 925 inter
1651 854 1780 929 iconiis

442 962 589 1039 eeclesre
607 987 653 1037 ex
671 963 814 1059 speciali
832 964 1002 1037 mcudnto
1019 964 1156 1037 domini
1172 959 1283 1038 nostri
1299 962 1454 1059 episcopi
1470 1002 1481 1019 ·

441 1077 540 1151 Item
556 1079 628 1150 duo
648 1078 758 1173 penui
776 1075 1036 1150 attrebatenses
1052 1078 1280 1151 continentes
1292 1074 1477 1149 historiam
1493 1074 1614 1151 nostre
1631 1078 1779 1153 domine

443 1191 489 1264 nd
509 1192 645 1264 borium
671 1198 710 1262 et
734 1189 926 1284 prophetes
943 1188 989 1262 sd
1005 1184 1165 1262 rumam
1189 1189 1370 1283 pendendi
1394 1190 1521 1263 diebus
1538 1187 1781 1285 solempnibus

342 1362 343 1365 ,
443 1306 480 1375 in
499 1304 607 1375 choro
632 1324 715 1375 curn
729 1324 801 1373 vnn
817 1297 905 1373 eists
920 1300 966 1373 nd
983 1299 1293 1375 conseruationem
1310 1303 1534 1375 eorundem·
1552 1302 1604 1375 llt
1615 1299 1780 1379 similiter

442 1439 525 1488 cum
546 1413 743 1508 exemplari
768 1412 964 1487 eorundem
990 1414 1133 1509 depidto
1155 1415 1201 1486 sd
1226 1415 1457 1508 pendendum
1473 1416 1514 1487 in
1529 1414 1637 1489 choro
1652 1418 1780 1490 diebus

443 1526 626 1600 ferialibus
656 1527 780 1599 donati
808 1548 873 1619 per
889 1526 1132 1599 venerabilem
1162 1535 1201 1599 et
1220 1530 1405 1625 egregium
1429 1530 1549 1601 virum
1566 1525 1779 1623 magistrum

442 1637 628 1711 Andresm
642 1636 737 1711 Liell
748 1634 1006 1710 thesaurarium
1018 1664 1061 1711 nc
1077 1637 1266 1711 officinlem
1284 1662 1428 1713 necnon
1441 1642 1617 1713 redorern
1634 1644 1781 1715 rniner·

442 1747 558 1824 fitutis
580 1746 899 1824 Abberdonensrs·
953 1748 1002 1823 Et
1021 1774 1132 1824 vnum
1156 1751 1269 1823 ulium
1284 1776 1445 1846 pennum
1461 1753 1507 1824 de
1524 1751 1663 1826 deioe
1679 1750 1778 1827 Jeffe

442 1865 662 1959 pendentem
676 1861 782 1959 super
793 1862 897 1937 stallo
912 1865 1039 1936 deceni
1050 1861 1077 1957 ·]

442 2198 675 2276 'l'besaururin
711 2197 859 2275 ecclesie
888 2200 1104 2275 cathedralis
1143 2199 1428 2275 Abbirdonenlis
1461 2200 1628 2275 vicesrmo
1666 2206 1780 2275 tertio

491 2316 628 2421 Aprilis
653 2338 718 2407 per
742 2314 933 2387 Deccnum
951 2324 989 2386 et
1006 2313 1216 2408 Cupitulum
1241 2312 1402 2387 eiusdem
1417 2325 1562 2409 repertu
1577 2326 1616 2387 et
1627 2312 1779 2389 militetur

490 2450 584 2501 enno
602 2426 751 2498 Domini
770 2446 955 2497 mnxvnr
975 2466 982 2483 ·

443 2624 635 2745 Imprimis
649 2649 766 2721 decim
783 2649 913 2723 culices
928 2652 1071 2748 argenti
1081 2650 1244 2723 denunti
1257 2673 1341 2726 cum
1354 2652 1511 2725 totidem
1525 2653 1668 2747 petenis
1681 2692 1691 2709 ·
1704 2676 1779 2727 ηε

441 2768 666 2860 demptaque
677 2757 730 2835 est
742 2761 982 2857 cupri-Crux
992 2764 1567 2859 mugncnrgenteedeenrstncum
1577 2766 1777 2860 pedelixo·

439 2877 572 2952 Altera
589 2898 679 2948 crux
706 2870 970 2970 proceffionelis
986 2871 1151 2948 similiter
1175 2885 1348 2972 urgentes
1371 2880 1410 2948 in
1427 2901 1498 2972 que
1513 2875 1567 2950 est
1586 2900 1669 2973 pers
1685 2878 1778 2974 ligni

441 2991 559 3064 santus
589 2990 704 3061 crucis
722 3029 730 3045 ·
759 2986 845 3059 Vns
861 2983 1026 3060 sumiliter
1046 3012 1136 3061 crux
1161 2996 1333 3083 urgentes
1354 2990 1528 3063 decursis
1542 2991 1581 3061 in
1598 3012 1671 3082 qun
1685 2991 1778 3063 alins

444 3104 555 3175 fuerit
571 3096 707 3173 incluse
723 3122 804 3193 pars
821 3098 910 3195 ligni
936 3102 1051 3171 crucis
1068 3100 1144 3171 diui
1161 3098 1309 3172 Andree
1334 3097 1485 3195 apostoli
1502 3142 1511 3157 ·
1530 3100 1670 3186 Quurte
1686 3125 1776 3174 cmx

443 3224 615 3311 argentee
632 3235 715 3285 cum
726 3220 882 3304 quatuor
893 3209 1259 3307 rinbbisymnginibus
1272 3236 1357 3284 curn
1367 3216 1477 3285 rumis
1489 3212 1618 3307 lepidis
1635 3213 1775 3285 corilli·

440 3326 611 3400 Annnlus
621 3325 699 3397 nuri
713 3346 795 3395 cnm
807 3322 926 3416 lepide
940 3323 1200 3395 colorisviridis
1213 3363 1221 3380 ·
1235 3321 1380 3397 Monile
1392 3326 1471 3397 suri
1483 3324 1664 3419 lapidibus
1673 3349 1777 3398 orm*

439 3450 520 3512 tum
533 3432 701 3533 preciosrs
717 3473 726 3492 ·
743 3433 915 3508 Annulns
930 3436 1124 3531 urgentilin
1137 3458 1209 3529 quo
1220 3438 1576 3530 comprehenduntur
1588 3440 1776 3533 ymagines

439 3550 600 3625 crucifixi
619 3550 703 3620 diue
719 3548 866 3643 virginis
883 3558 922 3618 et
938 3548 1037 3620 beuti
1049 3547 1230 3620 Jobnnnis
1240 3586 1248 3605 ·
1260 3547 1456 3621 Brscbinm
1466 3559 1776 3644 argenteumcurn

440 3663 602 3758 reliqnijs
612 3660 712 3734 beuti
725 3656 882 3755 Fergufij
894 3654 1059 3731 fimiliter
1075 3668 1244 3731 ornatum
1255 3659 1436 3754 lapidibus
1451 3658 1616 3755 pretiosrs
1633 3660 1777 3733 ·Enoe-

439 3773 538 3850 ristie
554 3797 687 3870 cuprea
700 3774 871 3846 deaurata
886 3795 951 3866 pro
963 3770 1027 3845 vsu
1040 3768 1294 3845 dibteecclesse
1304 3774 1549 3866 quotodisno·
1574 3771 1705 3846 Jocnle
1719 3799 1777 3847 m·-

439 3898 614 3985 genteurn
624 3888 837 3959 deauratum
848 3908 931 3957 cum
944 3883 1144 3957 senbtorum
1154 3886 1260 3980 verijs
1271 3885 1432 3979 reliquijs
1442 3880 1776 3959 cristalloridelioet

442 4012 482 4075 et
498 4000 676 4096 lapidibus
693 3994 857 4094 pretiosis
866 4006 1100 4092 perornatum
1116 4040 1126 4057 ·
1146 3996 1346 4071 Eucnristie
1358 4009 1531 4095 urgentes
1547 4000 1719 4072 desurstn
1734 4003 1775 4071 in

439 4112 727 4187 solemnitatibus
746 4112 830 4183 enni
849 4109 1043 4183 deserendo
1058 4105 1170 4182 instnr
1185 4114 1293 4183 turris
1310 4135 1357 4183 ex
1374 4112 1468 4184 dono
1484 4112 1581 4183 bone
1600 4114 1776 4184 memorie

437 4225 698 4318 reuerendique
715 4223 827 4317 petris
844 4220 994 4293 Henrici
1009 4222 1178 4315 Lycbton
1194 4219 1478 4296 Abbirdonensrs
1488 4222 1646 4319 episcopi
1663 4263 1671 4280 ·
1688 4223 1774 4295 Due

437 4338 544 4409 thece
558 4360 603 4409 ex
621 4334 800 4408 euricelco
818 4333 988 4406 decurete
1001 4357 1066 4429 pro
1083 4330 1243 4407 custodis
1257 4335 1511 4429 reliquiarum·
1529 4336 1702 4409 Annulus
1718 4360 1775 4407 nr·

436 4451 538 4544 genti
550 4450 587 4519 in
606 4472 676 4542 quo
691 4444 743 4519 est
752 4469 834 4541 pere
845 4445 973 4540 lepidis
984 4446 1163 4519 Columne
1176 4483 1185 4504 ·
1196 4446 1490 4521 Annulnsetism
1501 4452 1579 4521 nuri
1589 4450 1678 4523 nlius
1687 4472 1774 4522 con·

436 4555 547 4634 cessus
560 4583 625 4653 per
635 4560 815 4653 quondum
831 4557 984 4630 Elennm
998 4557 1178 4651 Lyobton·
1187 4558 1297 4654 Lupis
1307 4557 1523 4633 cristallinus
1537 4572 1745 4657 urgentctns
1760 4600 1769 4613 ·
