4050 5534
439 679 486 743 90
959 665 1267 741 REGISTRUM
1630 665 1785 762 [sucum

444 867 601 942 fideliter
623 868 842 964 colligantur
857 875 896 939 et
917 866 1063 938 decanis
1088 866 1249 940 locorum
1266 869 1304 938 in
1320 867 1494 962 proximis
1518 865 1686 961 capitulis
1710 861 1786 936 fine

444 983 685 1054 diminutione
710 975 932 1076 allignentur
948 1019 957 1038 ·
976 989 1016 1050 et
1039 979 1135 1051 inira
1155 979 1291 1052 ditium
1316 980 1515 1051 terminum
1538 977 1662 1050 nullus
1684 977 1788 1070 ques-

444 1096 582 1165 tionem
599 1115 664 1186 pro
681 1092 841 1188 negocijs
857 1089 939 1185 alijs
955 1091 993 1162 in
1011 1087 1170 1185 ecelesijs
1186 1089 1447 1186 parochialibus
1462 1091 1634 1164 admittat
1651 1131 1659 1147 ·

448 1316 592 1390 XLIX.
610 1317 718 1402 Quod
731 1317 1037 1388 excommunicati
1050 1311 1121 1388 sint
1133 1313 1386 1390 subnectentes
1398 1315 1605 1390 libertatem
1616 1311 1785 1388 ecclesre·

448 1543 506 1615 De
531 1541 679 1636 prelatis
703 1549 741 1612 et
766 1540 906 1613 clericis
930 1535 1116 1636 stipendiJs
1141 1537 1291 1614 ecclesie
1314 1539 1557 1614 militantibus
1573 1543 1635 1634 qni
1660 1551 1787 1614 contra

448 1655 637 1727 mnonicas
661 1651 861 1726 sandiones
886 1662 925 1726 et
950 1651 1139 1726 libertates
1167 1649 1423 1727 ecclesrasticas
1447 1663 1487 1728 et
1510 1651 1787 1726 consuetudines

448 1763 596 1840 ecclesie
618 1765 810 1838 Scoticane
836 1767 1007 1838 hedenus
1033 1765 1201 1838 obtentas
1225 1761 1414 1838 consilium
1431 1776 1470 1836 et
1485 1764 1662 1838 auxilium
1686 1765 1787 1837 laicis

447 1881 663 1974 impendunt
689 1890 727 1950 et
751 1880 910 1951 maxime
927 1879 973 1950 de
989 1878 1059 1971 hijs
1075 1880 1137 1970 qui
1162 1877 1286 1950 literas
1308 1877 1446 1950 distant
1470 1876 1631 1951 scribunt
1646 1887 1686 1951 et
1701 1899 1788 1950 con·

447 1989 589 2088 signant
613 1989 674 2064 seu
700 1987 836 2064 statuta
863 1992 1028 2063 condunt
1056 2012 1121 2083 per
1142 2012 1213 2082 que
1242 1991 1322 2062 iura
1344 1987 1408 2062 sen
1437 1987 1573 2062 statuta
1601 1989 1788 2062 libertates

447 2101 598 2178 ecclesie
622 2115 661 2176 et
687 2100 964 2176 consuetudines
990 2099 1191 2175 huiusmodi
1215 2098 1360 2198 possunt
1384 2100 1544 2174 subuerti
1573 2113 1613 2174 et
1637 2102 1684 2174 de
1707 2103 1788 2196 alijs

448 2216 585 2291 scilicet
601 2213 799 2308 statutarijs
816 2211 1024 2310 confiliarijs
1040 2223 1079 2286 et
1095 2235 1220 2286 eorum
1237 2215 1439 2286 fautoribus
1458 2211 1649 2288 statuendo
1665 2215 1788 2288 decer·

448 2332 568 2401 nimus
589 2328 685 2422 qnod
706 2329 791 2420 quia
815 2350 940 2399 omnes
966 2327 1059 2399 tales
1083 2327 1122 2398 in
1147 2348 1285 2398 canone
1309 2325 1385 2399 late
1410 2323 1593 2399 sentencie
1621 2328 1788 2400 incidunt

447 2463 512 2535 pro
538 2439 858 2512 excommunicatis
884 2439 1150 2510 denunciantur
1166 2478 1175 2494 ·
1194 2437 1235 2510 Si
1256 2440 1336 2532 quis
1353 2461 1437 2510 vero
1462 2440 1697 2513 beneficiatus
1721 2443 1788 2512 im-

447 2548 627 2646 posterum
662 2548 766 2644 super
794 2549 916 2642 aliquo
944 2545 1191 2643 premissorum
1220 2551 1331 2623 fuerit
1359 2553 1547 2626 conuidus
1574 2554 1787 2626 undositate

447 2659 549 2734 istius
575 2659 700 2734 statuti
731 2663 874 2734 nouerit
900 2659 936 2734 se
961 2661 1137 2734 beneficio
1163 2659 1226 2734 suo
1250 2665 1328 2736 sore
1352 2665 1561 2757 priuatum·
1578 2660 1606 2735 si
1625 2665 1788 2758 preditus

450 2777 627 2870 dignitate
646 2775 704 2846 vel
729 2775 912 2868 prelatura
928 2775 1048 2868 aliqua
1069 2773 1271 2848 huiusmodi
1295 2785 1514 2872 attemptare
1537 2775 1789 2872 presumpserit

449 2889 547 2960 omni
572 2887 750 2982 dignitate
773 2897 895 2960 careat
915 2896 954 2960 et
977 2888 1113 2960 honore
1132 2928 1142 2948 ·
1164 2884 1320 2960 silaiens
1342 2888 1389 2960 ab
1411 2885 1562 2962 ecelesrs
1584 2891 1788 2964 infeudatus

449 2979 555 3072 febdo
567 2996 629 3071 suo
645 2995 873 3093 ponetur-fi
892 2998 1044 3072 clericus
1060 2996 1261 3073 huiusmodi
1278 3001 1396 3073 facere
1411 2999 1595 3095 presumat
1611 3012 1651 3075 et
1666 2999 1789 3099 postea

449 3113 494 3184 ad
508 3107 785 3184 ecclesiasticum
802 3111 1021 3184 beneficium
1034 3113 1144 3184 fuerit
1160 3110 1387 3206 presentatus
1401 3113 1609 3186 nullatenus
1620 3115 1790 3188 admitta-

450 3235 511 3298 tur
526 3219 592 3296 nifi
610 3245 731 3295 coram
749 3221 946 3318 dyocesano
961 3221 1062 3297 sunm
1078 3221 1184 3318 super
1201 3225 1271 3298 hoo
1287 3229 1496 3322 purgnnerit
1515 3229 1759 3300 innocentiam
1777 3270 1786 3286 ·

577 3447 620 3520 L.
648 3443 869 3540 Insrsscripti
887 3450 1223 3522 excommunicandi
1240 3447 1326 3524 sunt
1340 3460 1469 3545 quater
1484 3453 1522 3524 in
1539 3475 1661 3525 anno·

332 3737 336 3748 ,
449 3673 546 3746 Item
563 3669 754 3746 statuimus
771 3673 867 3766 quod
884 3673 924 3744 in
940 3668 1089 3769 fingnlis
1113 3670 1271 3770 ecclesrjs
1295 3685 1372 3748 tam
1396 3676 1555 3750 militum
1571 3699 1679 3770 quam
1701 3678 1791 3751 alio·

448 3808 529 3858 rum
560 3793 689 3878 quater
718 3786 756 3856 in
785 3806 880 3857 anno
909 3787 948 3856 in
976 3787 1150 3879 proximis
1179 3789 1368 3862 dominicis
1395 3785 1475 3882 post
1502 3788 1788 3864 obseruationem

448 3899 614 3984 Quatuor
629 3896 848 3990 Temporum
873 3900 1235 3972 excommunicentur
1253 3902 1292 3972 in
1311 3925 1445 3998 genere
1460 3901 1620 4000 sortilegi
1637 3905 1788 3979 venefici

447 4009 656 4102 incendiarij
669 4005 898 4082 ecclesiarum
913 4007 1084 4082 fractiores
1096 4010 1225 4107 snlsnrij
1238 4010 1383 4108 usurarij
1397 4013 1576 4086 manifesti
1586 4024 1625 4087 et
1634 4014 1788 4090 scienter

447 4123 686 4218 impedientes
703 4118 920 4195 testamenta
944 4122 1125 4218 legittime
1141 4125 1235 4198 fasta
1250 4134 1289 4198 et
1305 4128 1417 4198 etiam
1439 4127 1678 4220 impedientes
1694 4131 1789 4202 ordi·

446 4237 565 4308 uarios
594 4257 666 4327 quo
698 4236 819 4306 minus
853 4235 898 4308 de
931 4235 1036 4308 bonis
1069 4233 1226 4330 ipsorum
1259 4238 1514 4312 decedentium
1541 4240 1589 4313 ab
1617 4238 1788 4316 intestato

446 4347 641 4420 secundum
667 4345 963 4420 consuetudinem
989 4343 1139 4420 ecclesie
1164 4347 1356 4424 Scotioane
1375 4353 1446 4424 rite
1462 4351 1607 4426 valeam
1623 4355 1790 4427 ordinare

446 4457 528 4530 laici
553 4459 759 4530 detinentes
787 4460 1004 4532 inuadentes
1035 4460 1243 4534 fraudantes
1267 4472 1306 4535 et
1330 4465 1537 4538 auferentes
1562 4461 1789 4559 possessiones

446 4582 510 4642 aut
534 4569 605 4642 alia
620 4591 834 4664 quecunque
859 4573 937 4643 iura
961 4568 1201 4648 ecclesiastica
1224 4584 1289 4647 aut
1314 4575 1502 4650 libertates
1522 4587 1561 4652 et
1581 4601 1707 4654 omnes
1731 4579 1787 4653 illi
