4050 5534
224 663 325 760 xva]
696 667 1100 745 ABERDONENSE.
1499 687 1563 751 111

223 893 303 942 rum
319 892 431 965 graue
448 867 648 964 periculum
662 869 757 940 vnde
773 870 949 942 nonnulla
964 868 1129 946 scaudala
1146 882 1183 946 et
1200 875 1428 949 incommoda
1444 882 1567 973 grauia

223 995 263 1054 vt
279 984 516 1054 informamur
540 978 624 1053 sunt
649 980 771 1053 secuta
793 982 1038 1077 amplioiaque
1061 979 1159 1078 sequi
1178 985 1424 1061 verefimiliter
1448 989 1567 1085 presu-

222 1103 373 1167 muntur
396 1090 628 1188 imposterum
652 1091 719 1166 nisi
741 1095 826 1165 huic
852 1095 977 1166 morbo
1000 1097 1108 1169 celeri
1134 1102 1292 1171 remedio
1317 1099 1566 1175 succurratur·

224 1208 304 1280 Nos
320 1210 433 1302 igitur
449 1208 495 1278 de
510 1206 574 1278 illo
587 1205 693 1300 super
706 1208 775 1278 hiis
788 1209 947 1279 remedio
960 1212 1149 1302 prouidere
1162 1213 1325 1285 volentes
1339 1225 1376 1285 et
1390 1225 1565 1307 quantum

223 1345 306 1394 cum
333 1322 402 1392 deo
427 1316 608 1413 possumus
636 1321 824 1414 cupientes
853 1322 947 1392 viam
976 1320 1144 1393 aduersus
1169 1324 1296 1422 talium
1323 1327 1564 1420 improborum

224 1435 467 1506 temeritatem
485 1441 523 1502 et
539 1433 742 1524 nequiciam
766 1431 977 1525 precludere
998 1435 1201 1506 infuturum
1219 1439 1264 1508 de
1282 1441 1463 1510 communi
1481 1463 1566 1512 con·

223 1542 324 1618 sensu
341 1545 563 1616 confratrum
579 1539 781 1614 nostrorum
799 1544 925 1615 decani
944 1554 982 1617 et
999 1547 1149 1642 capituli
1167 1545 1278 1620 nostri
1296 1548 1564 1624 Aberdonenlis

223 1658 266 1729 ad
281 1654 507 1750 infrascripta
523 1657 736 1747 exequenda
748 1655 995 1748 capitulariter
1010 1662 1217 1755 congregati
1231 1671 1373 1734 matura
1390 1664 1564 1737 delibera-

223 1773 321 1842 tione
354 1769 511 1841 tradatu
545 1775 584 1839 et
617 1763 764 1838 consilio
793 1769 990 1861 prehabitis
1018 1795 1083 1864 pro
1112 1773 1215 1870 nobis
1246 1782 1284 1845 et
1312 1771 1562 1849 successoribus

222 1879 350 1956 nostris
370 1889 545 1976 perpetuo
563 1880 708 1950 decreto
727 1881 952 1952 decernimus
970 1880 1161 1955 statuimus
1180 1893 1218 1956 et
1236 1887 1440 1960 ordinamus
1466 1892 1561 1982 quod

223 1997 267 2067 de
282 2003 405 2068 cetero
423 2004 461 2064 et
478 1995 625 2065 inantea
640 1992 763 2063 nullus
780 1989 1037 2067 ecclesiasticus
1055 2004 1120 2067 aut
1136 1994 1303 2069 secularis
1320 1998 1562 2095 cuiuscunque

222 2107 436 2179 conditionis
452 2102 564 2177 status
580 2105 711 2200 gradus
728 2114 792 2176 aut
808 2109 1071 2199 preeminentie
1085 2110 1250 2179 extiterit
1266 2111 1359 2182 infra
1375 2110 1560 2186 ecclesiam

221 2217 376 2292 nostram
393 2217 636 2290 cathedralem
654 2228 718 2290 aut
735 2219 934 2312 capitulum
952 2216 1110 2291 eiusdem
1129 2230 1272 2292 creetur
1287 2231 1351 2292 aut
1368 2226 1561 2317 recipiatur

221 2335 255 2402 in
279 2333 493 2404 canonicum
510 2331 556 2402 ad
573 2332 795 2402 communias
822 2354 905 2402 cum
933 2331 1012 2424 alijs
1029 2329 1126 2401 illius
1152 2328 1299 2404 ecclesie
1317 2337 1497 2408 canonicis
1522 2348 1561 2410 et

220 2442 488 2516 distributiones
514 2443 739 2535 quotidianas
764 2445 1010 2538 percipiendas
1038 2453 1102 2515 aut
1130 2442 1250 2515 locum
1279 2445 1336 2516 vel
1367 2459 1491 2519 votum
1522 2452 1560 2521 in

220 2557 376 2651 capitulo
392 2553 455 2626 seu
480 2551 625 2627 stallum
641 2556 679 2624 in
696 2555 804 2626 choro
830 2558 994 2649 optinere
1011 2555 1110 2627 valet
1137 2554 1196 2627 sen
1224 2555 1311 2628 aliae
1328 2561 1560 2651 quouilinodo

219 2670 432 2741 admittatur
452 2671 551 2739 inter
577 2675 716 2738 ceteros
743 2666 901 2739 eiusdem
925 2664 1074 2743 ecclesie
1104 2671 1294 2740 canonicos
1324 2669 1456 2764 absque
1481 2697 1561 2768 pre·

219 2782 336 2853 benda
352 2783 448 2853 disto
464 2779 527 2851 suo
544 2781 772 2853 canonicatui
789 2781 882 2852 infra
898 2780 1051 2853 eandem
1069 2777 1255 2853 ecclesiam
1273 2805 1415 2857 annexa
1431 2783 1496 2858 nifi
1521 2791 1559 2859 in
1601 2775 1606 2786 ⁸

218 2891 314 2966 sacra
339 2892 523 2987 theologia
539 2893 663 2965 doctor
678 2915 762 2964 cum
780 2891 911 2966 effedlu
936 2904 1077 2966 creatus
1098 2897 1216 2965 autin
1234 2896 1360 2966 eadem
1385 2898 1559 2972 facultate

218 3006 424 3078 licentiatus
449 3007 560 3076 fuerit
586 3005 630 3076 ad
659 3006 948 3077 annuntiandum
973 3015 1012 3078 et
1041 3007 1297 3099 predicandum
1322 3009 1471 3080 verbum
1500 3012 1559 3083 dei

218 3120 350 3213 populo
374 3115 578 3190 Christiano
603 3124 715 3210 atque
741 3115 964 3210 personalem
987 3113 1218 3190 residentiam
1246 3122 1285 3190 in
1316 3121 1411 3193 diota
1439 3119 1559 3218 nostra

219 3227 367 3304 ecclesia
391 3253 492 3302 more
509 3231 620 3301 trium
638 3230 857 3324 dignitatum
880 3227 958 3322 post
980 3231 1158 3302 decanum
1176 3228 1409 3326 personaliter
1426 3234 1557 3308 saciet·

220 3342 399 3414 Volumus
416 3339 560 3434 inlirper
573 3350 611 3412 et
623 3364 687 3433 pro
698 3349 874 3434 perpetuo
886 3339 1021 3414 statuto
1034 3341 1217 3415 sanximus
1235 3344 1329 3436 quod
1344 3345 1444 3418 nulls
1458 3347 1557 3420 dein-

218 3478 299 3551 ceps
316 3452 599 3547 dispensationes
621 3451 862 3526 relaxationes
880 3453 941 3526 seu
966 3455 1157 3550 priuilegia
1182 3465 1308 3528 contra
1325 3457 1555 3533 fundationes

219 3577 255 3638 et
271 3564 515 3638 institutiones
532 3567 811 3637 canonicatuum
830 3532 1098 3659 prebendarum
1117 3567 1396 3661 capellaniarum
1415 3580 1453 3641 et
1470 3571 1556 3644 alio·

210 3703 295 3760 ,rum
326 3679 525 3750 officiomm
548 3680 587 3749 in
608 3673 758 3749 ecclesia
784 3675 905 3752 nostra
933 3681 1117 3752 antediem
1143 3677 1248 3773 super
1275 3682 1404 3772 quibus
1430 3706 1495 3755 nos
1518 3696 1556 3757 et

218 3791 414 3887 capitulum
431 3785 592 3861 nostrum
609 3790 831 3862 antedittum
850 3792 895 3862 de
912 3793 990 3863 iure
1006 3790 1266 3882 consuetudine
1281 3792 1338 3863 vel
1357 3792 1444 3866 alias
1457 3795 1556 3868 licite

219 3901 416 3998 dispensare
433 3897 612 3996 possumus
639 3901 747 3973 alicui
764 3904 1011 3975 concedantur
1033 3927 1151 3998 neque
1181 3904 1300 3997 alique
1321 3901 1556 3981 alsedatioues

217 4012 443 4088 ecclesiarum
461 4015 710 4088 communium
727 4015 878 4109 capituli
901 4013 1013 4087 nostri
1040 4017 1135 4088 vltra
1159 4019 1447 4110 quinquennium
1464 4021 1554 4092 fient

218 4125 276 4199 seu
292 4128 420 4220 queuis
449 4125 520 4197 alia
539 4127 651 4197 ardua
675 4129 826 4221 negocia
855 4127 939 4200 disci
966 4124 1078 4200 nostri
1104 4129 1252 4222 capituli
1279 4132 1478 4204 tradentur
1494 4132 1556 4206 seu

218 4241 446 4333 perficiantur
456 4238 622 4330 (quorum
634 4241 866 4333 negociorum
884 4242 1074 4314 arduitatis
1093 4239 1370 4314 declarationem
1389 4254 1427 4315 et
1445 4247 1555 4319 inter-

218 4341 455 4445 pretationem
478 4351 582 4422 nobis
599 4360 638 4421 et
655 4350 815 4445 capitulo
832 4348 952 4424 nostro
972 4352 1153 4426 reseruare
1181 4354 1361 4448 volumus)
1385 4351 1452 4425 nisi
1475 4381 1555 4451 pre-

219 4467 367 4538 cedente
384 4465 501 4536 edico
528 4463 674 4557 publico
691 4466 729 4534 in
746 4464 862 4536 voluis
885 4466 1016 4538 domus
1032 4465 1238 4559 capitularis
1268 4463 1382 4559 spatio
1406 4471 1555 4560 quadra-

219 4581 314 4674 ginta
343 4578 483 4649 dierum
513 4570 691 4672 affigendo
716 4574 907 4670 citatisque
930 4587 969 4650 et
989 4581 1124 4650 vocatis
1145 4572 1311 4655 interesse
1337 4578 1554 4654 habentibus
