4050 5534
427 644 500 718 270
943 633 1248 712 REGISTRUM
1609 640 1755 735 [etcum

429 835 636 908 omnimodo
650 835 858 930 operatione
880 875 889 894 ·
917 832 966 906 Et
983 835 1213 930 prohibemus
1229 859 1278 910 ne
1293 835 1388 910 bosci
1405 859 1529 910 eornm
1545 837 1591 910 ed
1607 841 1760 933 predica

431 971 539 1043 opere
555 946 613 1020 rel
637 949 684 1019 od
699 946 821 1040 eliqua
844 946 915 1020 elie
938 946 1013 1020 vilo
1031 947 1138 1020 modo
1164 949 1352 1042 capientur
1376 959 1415 1022 et
1430 945 1595 1022 similiter
1617 951 1760 1024 bladum

431 1083 555 1133 eorum
572 1060 631 1132 vel
648 1059 835 1131 hominum
847 1055 995 1132 snorum
1012 1059 1071 1134 vei
1088 1058 1224 1152 uliquid
1237 1061 1283 1134 de
1298 1061 1406 1134 rebus
1420 1058 1492 1134 soie
1508 1061 1567 1134 vel
1579 1062 1762 1138 hominum

431 1171 575 1246 suorum
588 1172 634 1245 ed
647 1168 793 1245 castello
801 1171 997 1244 munienda
1006 1193 1080 1246 non
1091 1172 1605 1266 cupiuntur·Volumusetiem
1618 1177 1714 1268 quod
1723 1176 1763 1248 li·

431 1288 517 1358 bere
544 1293 583 1356 et
611 1282 830 1357 sufficienter
857 1281 933 1357 fine
957 1283 1120 1377 quolibet
1147 1281 1330 1358 occasione
1359 1285 1503 1379 copiunt
1528 1285 1573 1358 de
1599 1289 1763 1362 omnibus

433 1395 548 1471 boscis
565 1398 611 1470 od
622 1394 722 1470 nsum
736 1397 911 1469 domuum
923 1394 1067 1468 suorum
1078 1405 1117 1468 et
1126 1395 1313 1468 hominum
1323 1393 1467 1468 suorum
1478 1407 1655 1490 quantum
1666 1397 1763 1470 voln-

435 1512 530 1583 erint
550 1534 618 1582 nec
643 1518 791 1604 propter
805 1509 875 1581 hoc
899 1511 938 1580 in
954 1505 1132 1582 forisfacto
1149 1507 1206 1580 rel
1232 1508 1270 1578 in
1295 1505 1535 1580 misericordia
1557 1520 1763 1602 ponantur·

437 1618 546 1717 [Per]
574 1644 700 1694 omnee
723 1643 872 1718 quoque
896 1629 1010 1694 terroe
1035 1618 1114 1694 suae
1131 1615 1258 1692 esserto
1281 1617 1343 1692 sue
1358 1629 1397 1692 et
1413 1619 1599 1692 hominum
1623 1620 1765 1694 suorum

433 1737 505 1808 iem
518 1734 743 1826 indicetque
756 1735 795 1804 in
807 1728 989 1827 posterum
1001 1731 1092 1806 fient
1105 1732 1157 1804 eie
1170 1733 1423 1825 inperpetuum
1434 1731 1558 1824 quicto
1571 1731 1765 1804 clamemus

434 1843 579 1920 derisu
603 1841 869 1918 forestoriomm
886 1853 925 1917 et
951 1845 997 1917 de
1022 1843 1189 1918 omnibus
1212 1841 1292 1936 ulijs
1315 1839 1652 1916 consuetudinibus·
1673 1843 1766 1918 Con·

433 1959 594 2034 cedimus
616 1956 760 2053 insuper
786 1953 920 2030 eisdem
944 1957 1115 2030 fratribus
1140 1963 1179 2028 ct
1195 1953 1400 2028 hominibus
1415 1951 1487 2027 suie
1503 1957 1599 2049 quod
1621 1956 1668 2029 de
1693 1979 1768 2029 om-

431 2072 538 2145 nibus
562 2067 678 2144 boscio
702 2092 792 2164 quoe
817 2069 955 2142 hebent
979 2070 1018 2140 in
1043 2065 1201 2165 presenti
1225 2067 1318 2140 infre
1342 2077 1458 2141 metes
1483 2064 1613 2142 foreste
1637 2065 1767 2164 poffint

432 2179 600 2258 essartare
615 2192 655 2256 et
672 2181 791 2256 colere
807 2175 882 2254 fine
907 2179 1055 2254 licentio
1070 2175 1191 2254 nostro
1210 2177 1268 2260 vel
1289 2179 1478 2252 hominum
1493 2174 1694 2254 nostrorum
1712 2181 1767 2254 vei

432 2295 651 2370 beiliuorum
667 2291 869 2368 nostrorum
885 2293 939 2366 ito
961 2291 1058 2386 qnod
1074 2291 1160 2365 inde
1175 2292 1215 2364 in
1231 2289 1333 2365 nullo
1349 2291 1486 2364 cnobie
1503 2291 1561 2364 rel
1577 2292 1768 2368 heredibus

431 2404 563 2482 nostrie
587 2406 647 2480 vel
671 2408 710 2478 in
735 2415 952 2502 perpetuum
977 2399 1249 2478 ocecfionentur
1272 2446 1280 2464 ·
1306 2403 1528 2497 Precipimus
1545 2406 1655 2478 etiem
1673 2409 1767 2500 quod

433 2514 499 2613 ipfi
515 2519 645 2592 fratres
657 2517 786 2611 templi
797 2524 837 2592 et
848 2517 1014 2590 hominen
1030 2511 1083 2588 sui
1094 2515 1199 2589 liberi
1216 2509 1287 2588 sint
1303 2524 1343 2588 et
1358 2516 1473 2609 quieti
1488 2517 1535 2588 nb
1552 2519 1650 2590 omni
1667 2519 1769 2592 theo-

434 2631 541 2706 loneo
554 2633 593 2702 in
610 2631 709 2702 omni
722 2630 799 2702 foro
816 2641 856 2703 et
871 2631 911 2702 in
927 2629 1094 2702 omnibus
1109 2629 1279 2702 nundinis
1291 2638 1331 2702 et
1347 2630 1385 2700 in
1402 2629 1501 2700 omni
1513 2627 1666 2704 trnnfitu
1683 2655 1770 2726 pon·

432 2745 674 2818 tiumviorum
691 2750 731 2814 et
745 2743 855 2815 morio
871 2750 1066 2837 pertotum
1084 2763 1235 2836 regnum
1252 2737 1412 2814 nostrum
1424 2751 1464 2813 et
1480 2764 1544 2835 per
1556 2765 1683 2817 omnes
1699 2755 1770 2818 ter·

433 2879 491 2930 ree
507 2852 646 2929 nostroe
661 2864 701 2928 et
717 2856 840 2928 omnio
855 2863 1016 2928 mercato
1031 2850 1095 2925 sue
1111 2861 1151 2925 et
1162 2853 1350 2926 hominum
1360 2849 1505 2926 suorum
1519 2848 1591 2927 sint
1606 2851 1772 2970 similiter

433 2971 474 3040 in
489 2969 658 3062 predictis
675 2966 762 3042 locis
778 2968 825 3041 eb
841 2968 941 3040 omni
957 2966 1151 3040 theoloneo
1164 2963 1309 3057 quiete·
1324 2963 1566 3038 Concedimue
1582 2968 1694 3040 etiem
1719 2972 1769 3041 eir

435 3090 475 3153 et
486 3080 739 3154 confirmemus
750 3079 847 3173 quod
863 3075 1032 3172 stoliquie
1048 3077 1235 3149 hominum
1251 3072 1395 3149 suorum
1411 3099 1475 3170 pro
1492 3077 1622 3150 deiide
1638 3076 1703 3152 suo
1720 3082 1772 3152 vi-

436 3203 513 3264 tem
523 3191 582 3264 vel
599 3192 763 3264 membre
778 3193 948 3264 emittere
965 3189 1098 3264 debent
1111 3187 1169 3260 rel
1186 3188 1332 3282 fugitet
1348 3189 1387 3260 in
1402 3188 1534 3260 iudicio
1558 3187 1650 3263 stare
1666 3193 1771 3265 nolu·

436 3306 506 3377 erit
531 3303 590 3376 vel
606 3303 705 3376 eliud
729 3301 903 3376 delictum
927 3302 1055 3374 fecerit
1070 3323 1135 3395 pro
1152 3322 1223 3394 quo
1241 3301 1372 3374 debent
1388 3299 1520 3392 catullo
1543 3299 1605 3375 suo
1621 3305 1772 3396 perdere

436 3415 640 3508 ubicunque
657 3410 798 3487 iusticie
812 3413 890 3487 fieri
907 3413 1039 3486 debeat
1056 3409 1130 3486 siue
1143 3413 1181 3484 in
1199 3413 1298 3485 curie
1309 3409 1429 3486 nostre
1443 3409 1519 3485 fine
1535 3415 1573 3486 in
1589 3415 1662 3488 elie
1674 3420 1772 3491 curie

434 3527 511 3623 ipso
527 3527 659 3602 catello
674 3523 746 3600 sint
762 3526 1003 3622 predictorum
1021 3526 1172 3598 fratrum
1189 3563 1199 3581 ·
1223 3523 1275 3596 Et
1292 3519 1399 3597 licent
1415 3521 1499 3619 ipfie
1509 3525 1680 3601 frutribus
1695 3525 1771 3603 fine

436 3637 696 3714 disturbatione
721 3640 975 3714 vicecomitum
1004 3646 1045 3710 et
1074 3639 1235 3710 omnium
1260 3634 1475 3709 bolliuorum
1500 3635 1703 3712 nostrorum
1733 3653 1771 3714 et

435 3753 588 3827 eliorum
603 3775 738 3846 ponere
754 3750 791 3825 se
806 3753 846 3823 in
862 3746 1035 3846 soysmem
1052 3751 1098 3824 de
1115 3747 1283 3847 predictis
1295 3748 1434 3822 catellis
1450 3751 1489 3820 in
1504 3750 1673 3843 prodidit
1686 3750 1772 3825 coii-

434 3866 502 3937 bue
513 3873 552 3937 et
565 3861 645 3962 alijo
658 3865 801 3958 quondo
818 3863 945 3936 bellini
957 3859 1068 3936 nostri
1086 3859 1114 3934 st
1130 3862 1176 3934 od
1188 3884 1254 3934 noe
1271 3862 1494 3955 pertinerent
1509 3861 1642 3936 cotella
1656 3864 1722 3937 ille
1733 3867 1771 3938 in

434 3998 546 4049 manu
571 3971 693 4050 nostro
711 3997 755 4047 eo
778 3969 906 4069 soysrrc
928 3969 1061 4068 possint
1078 3983 1117 4047 et
1135 3974 1290 4046 debent·
1307 3971 1357 4044 Et
1374 3968 1402 4045 sr
1419 3973 1548 4067 aliquio
1563 3979 1771 4050 tenentium

434 4088 675 4182 prediiiomm
684 4086 838 4158 irotmm
854 4085 1001 4158 feodum
1017 4083 1121 4158 suum
1145 4083 1352 4160 forisfecerit
1368 4085 1477 4158 licent
1492 4082 1576 4180 ipfie
1600 4089 1770 4162 iratribus

435 4222 570 4294 ponere
579 4197 617 4272 se
627 4194 848 4294 insoysrnem
860 4199 906 4270 de
916 4195 991 4292 ipso
1001 4197 1108 4270 feodo
1118 4207 1157 4270 et
1167 4194 1282 4292 ipsum
1292 4197 1437 4270 feodum
1445 4221 1527 4270 cum
1538 4201 1771 4296 pertinencije

435 4309 507 4384 snio
521 4307 717 4406 poffidere·
742 4333 814 4382 non
828 4305 993 4382 obstante
1010 4333 1054 4410 eo
1073 4309 1170 4402 quod
1182 4331 1248 4382 nos
1260 4307 1510 4383 consueuimue
1526 4311 1632 4384 feoda
1647 4312 1771 4408 fugiti-

438 4444 566 4496 uorum
583 4434 622 4495 et
640 4423 914 4518 dampnatorum
930 4443 996 4516 per
1011 4444 1124 4495 vnum
1140 4443 1275 4496 annum
1289 4430 1327 4494 et
1338 4445 1449 4495 vnum
1462 4423 1557 4496 diem
1575 4419 1769 4521 possidere·
