4050 5534
238 624 325 720 xe]
711 622 1115 698 aaunnormueu.
1500 631 1583 722 aar

237 827 291 898 rei
306 822 536 898 securitatem
554 835 594 898 et
610 825 833 897 euidentiam
850 819 1095 916 premissorum
1122 820 1236 920 sigilla
1256 823 1403 896 Andree
1421 824 1582 898 Gissnrde

238 949 277 1009 et
301 936 506 1010 Aiexaudri
532 937 662 1031 Benyn
682 945 771 1007 tune
797 935 950 1006 duorum
975 937 1192 1009 balliuorum
1211 935 1298 1010 dieti
1323 937 1427 1033 burgi
1449 939 1580 1033 apponi

237 1047 464 1144 presentibus
481 1073 563 1122 oum
581 1046 753 1120 instantia
769 1050 959 1142 proouraui
976 1050 1072 1142 apud
1090 1049 1264 1122 Aberdeu
1281 1053 1390 1122 tertio
1409 1053 1468 1123 die
1479 1052 1590 1122 uren-‘

237 1160 283 1235 sm
310 1160 401 1260 Maij
430 1185 526 1234 anno
555 1162 706 1233 Domini
739 1181 887 1232 mcccc.
918 1162 1058 1233 decimo
1093 1163 1197 1256 ·hije
1226 1161 1380 1234 testibus
1412 1163 1580 1235 Jobanne

238 1275 377 1370 Fyebet
393 1285 482 1347 tuno
499 1275 733 1348 aldermanno
753 1273 839 1344 dini
857 1273 961 1368 burgi
979 1315 988 1352 z
1006 1273 1174 1346 Jhoanne
1192 1275 1346 1348 Soherar
1363 1286 1400 1346 et
1417 1275 1580 1348 Alexan-

237 1388 302 1460 dro
319 1388 365 1459 de
378 1385 608 1459 Rudersurde
618 1395 707 1457 tunc
721 1386 862 1456 duobus
874 1385 1090 1457 balliuorum
1104 1388 1189 1458 dini
1204 1389 1308 1482 burgi
1322 1427 1330 1444 ·
1344 1386 1519 1461 Villelmo
1533 1389 1578 1458 de

237 1500 390 1573 Camere
414 1540 424 1558 ·
451 1500 649 1572 Laurentio
678 1499 724 1569 de
749 1497 845 1570 Leth
864 1539 872 1555 ·
891 1497 1054 1569 Roberto
1081 1497 1199 1570 Dauid
1228 1537 1238 1556 ·
1265 1499 1385 1570 Adam
1403 1500 1540 1570 Thome
1570 1540 1577 1556 ·

236 1611 375 1683 Thoma
391 1613 436 1683 de
453 1611 592 1684 Dalton
608 1650 617 1667 ·
634 1621 673 1684 et
691 1609 867 1683 Villelmo
885 1610 1004 1704 Oryrre
1022 1634 1104 1683 cum
1122 1612 1247 1684 multis
1265 1612 1345 1705 aiijs
1363 1650 1370 1669 ·

238 1933 349 2008 Carta
365 1933 514 2008 Andree
531 1933 629 2010 Vase
645 1935 692 2006 de
709 1882 920 2006 venditione
935 1935 1048 2006 annui
1065 1935 1203 2005 reditus
1220 1975 1228 1992 ·
1365 1931 1369 1940 '

239 2135 435 2234 Vniuersie
446 2161 541 2232 hanc
551 2169 688 2232 emtam
698 2155 825 2231 visuris
836 2158 895 2230 vel
905 2159 1082 2230 audituris
1093 2158 1260 2232 Andreae
1271 2159 1484 2234 nieusvase
1495 2163 1578 2232 bur-

236 2269 354 2368 gensis
366 2273 413 2344 de
428 2271 664 2344 Aberden···
684 2272 874 2344 Noueritis
886 2295 946 2344 me
964 2269 1223 2345 ···vendidisse
1240 2282 1279 2346 et
1292 2314 1301 2332 ·
1314 2315 1322 2332 ·
1335 2315 1343 2332 ·
1355 2272 1577 2347 confirmasse

237 2381 680 2479 ···dilettoeonburgenfi
691 2405 774 2455 meo
783 2382 1199 2478 Johannigouletotum
1211 2385 1314 2456 illum
1326 2409 1484 2458 aunuum
1497 2389 1577 2459 red·

237 2497 356 2569 ditum
371 2494 433 2568 sex
449 2493 642 2567 solidorum
659 2505 698 2567 et
715 2496 795 2566 otto
808 2497 1035 2568 denariorum
1049 2499 1139 2569 mihi
1152 2501 1339 2570 annuatim
1356 2499 1519 2571 debitum
1538 2511 1578 2572 et

237 2609 486 2684 exeuntemde
496 2609 645 2681 dimidia
653 2620 758 2701 parte
768 2609 995 2680 terrarumde
1008 2609 1044 2680 le
1057 2607 1094 2680 N
1096 2611 1267 2682 ewlendis
1279 2613 1473 2684 iacentium
1485 2613 1579 2684 infra

237 2723 459 2794 territorium
473 2721 669 2810 emitorum
682 2720 787 2814 burgi
801 2720 846 2790 de
859 2720 1030 2792 Aberden
1050 2724 1147 2793 inter
1163 2745 1392 2795 communem
1411 2725 1504 2796 viam
1523 2747 1578 2795 re-

237 2835 334 2928 giam
351 2833 564 2904 tendentem
581 2856 604 2904 a
620 2839 732 2925 ponte
745 2830 927 2903 latronum
944 2831 1069 2904 versun¹
1082 2845 1232 2926 pontem
1250 2834 1441 2930 Bolgouny
1458 2833 1578 2907 versus

238 2945 406 3018 occidens
421 2954 460 3015 et
476 2944 515 3037 ly
531 2942 752 3037 Tutarhyllia
776 2941 897 3014 versus
913 2945 1050 3016 boriam
1068 2953 1107 3016 et
1133 2941 1254 3017 fossam
1280 2946 1326 3017 de
1344 2946 1441 3040 Futy
1457 2947 1578 3019 verius

240 3057 358 3128 oriens
374 3065 412 3128 et
430 3057 587 3126 crottum
604 3055 699 3148 quod
717 3053 743 3125 J
745 3054 905 3128 ohannes
921 3055 1016 3127 silius
1035 3056 1186 3129 Heuriei
1204 3067 1308 3130 tenet
1326 3056 1371 3130 de
1388 3059 1578 3130 heredibus

239 3168 419 3260 quondam
435 3167 613 3239 Johanuia
630 3168 675 3238 de
701 3165 839 3260 Lydale
855 3175 894 3238 et
918 3169 1075 3238 crottum
1100 3168 1277 3240 Johannis
1295 3168 1437 3264 Vryeht
1459 3168 1577 3242 versus

239 3277 397 3352 austrum
411 3303 475 3373 pro
487 3281 643 3372 quadam
655 3287 756 3350 certa
766 3277 904 3350 summa
913 3283 1067 3374 pecunie
1084 3304 1191 3374 quam
1203 3282 1383 3375 predidtus
1393 3282 1578 3355 ,iohannes

240 3389 356 3484 genie
383 3392 473 3463 mihi
501 3400 664 3484 tempore
688 3390 925 3463 eousedtionie
949 3392 1170 3486 presentium
1191 3397 1229 3465 iu
1255 3389 1347 3466 sreea
1363 3397 1515 3488 pecunia
1539 3399 1577 3467 in

240 3513 390 3599 urgente
408 3499 618 3576 necessitate
634 3524 718 3574 mea
739 3503 910 3575 videlieet
925 3505 972 3576 ad
998 3507 1122 3578 debita
1145 3529 1228 3578 mea
1253 3507 1469 3600 aequitando
1485 3510 1578 3580 bene

240 3627 278 3688 et
288 3615 446 3688 fideliter
459 3613 708 3710 persoluebat·
725 3613 892 3698 ··Quem
905 3637 990 3686 vero
1007 3640 1168 3688 annuum
1181 3619 1365 3690 redditum
1376 3617 1438 3691 sex
1451 3615 1579 3691 solido-

240 3751 318 3800 rum
344 3738 383 3800 et
408 3728 470 3822 viij
498 3729 728 3800 denariorum
752 3726 1066 3819 propinquioribus
1091 3726 1362 3824 consanguineis
1386 3742 1425 3804 et
1455 3734 1579 3804 amicir

241 3844 328 3914 meio
344 3840 512 3936 legaliter
523 3839 641 3934 optuli
652 3839 884 3910 vendendum
897 3841 943 3910 ad
957 3840 1027 3912 tria
1044 3841 1211 3934 capitalia
1227 3841 1362 3934 placita
1378 3844 1461 3914 diiii
1476 3829 1579 3938 burgi

241 3962 347 4045 prout
363 3955 474 4024 moris
491 3949 545 4024 est
561 3962 600 4024 et
616 3947 887 4024 eonsuetudinis
903 3951 1099 4045 burgorum
1117 3953 1316 4046 approbata
1334 3997 1342 4013 ·
1362 3992 1369 4011 ·
1390 3995 1397 4011 ·
1417 3952 1461 4025 In
1478 3957 1580 4028 euius

241 4068 290 4136 rei
316 4061 564 4137 testimonium
589 4060 745 4158 sigillum
769 4085 892 4134 meum
910 4061 1068 4156 presenti
1086 4075 1185 4135 carte
1203 4063 1350 4159 apposui
1372 4075 1410 4138 et
1435 4079 1581 4160 propter

240 4180 411 4249 maiorem
429 4177 481 4248 rei
493 4175 723 4248 securitatem
741 4185 780 4246 et
797 4176 1020 4247 euidentiam
1038 4173 1284 4268 premissorum
1302 4173 1416 4272 sigilla
1432 4178 1581 4251 Andree

240 4289 401 4362 Giffarde
418 4298 456 4361 et
470 4288 671 4360 Alexandri
683 4288 729 4358 de
743 4287 871 4381 Benyn
886 4299 975 4359 tuno
988 4287 1139 4357 duorum
1150 4286 1367 4359 balliuorum
1379 4290 1463 4361 diei
1476 4290 1580 4387 burgi

240 4402 371 4497 apponi
396 4397 621 4495 presentibus
645 4423 729 4472 cum
746 4395 916 4473 instantia
931 4401 1122 4493 prooureui
1140 4401 1233 4492 apud
1251 4398 1424 4473 Aberden
1443 4403 1582 4475 decimo

239 4516 350 4586 tertio
376 4515 435 4585 die
468 4509 600 4585 mensis
624 4511 714 4605 Julij
749 4535 844 4583 auno
876 4511 1025 4584 Domini
1053 4531 1198 4583 mcccc.
1218 4511 1357 4584 decimo
1383 4553 1391 4572 ·
1417 4513 1582 4589 'festibus
