4050 5534
249 655 331 751 xm]
722 656 1127 730 ABuuDONENSE.
1549 667 1594 732 83

248 852 348 927 timul
367 852 435 950 ipfi
452 867 618 928 cantores
635 858 812 949 incipiant
830 893 839 912 ·
862 855 1033 928 ultimum
1060 881 1145 930 vero
1172 877 1445 929 auuunrcaruus
1470 855 1594 929 secun-

247 969 366 1040 darius
382 993 429 1041 ex
447 978 551 1063 parte
576 966 639 1040 sua
663 970 830 1063 iniungat
849 1008 857 1024 ·
876 978 916 1040 et
933 965 960 1039 ii
978 968 1115 1063 duplex
1133 967 1265 1041 festum
1289 971 1400 1041 fuerit
1417 980 1593 1062 vterque·

247 1078 445 1151 Sciendum
470 1077 524 1150 est
541 1089 666 1151 autern
693 1081 788 1172 quod
814 1082 859 1150 ad
886 1078 1053 1172 utrasque
1071 1079 1235 1174 vesperas
1261 1090 1298 1152 et
1324 1082 1369 1152 ad
1395 1083 1594 1153 matutinas

247 1201 285 1262 ct
300 1193 347 1263 ad
364 1188 503 1268 missam
528 1201 674 1262 tantum
700 1193 839 1285 regitur
856 1191 985 1262 chorus
1003 1193 1292 1285 quandocunque
1316 1194 1494 1286 regendus
1513 1191 1565 1264 cst
1583 1234 1591 1248 ·

246 1303 291 1374 ad
308 1302 586 1397 completorium
612 1304 770 1374 officium
788 1303 995 1396 principalis
1021 1301 1169 1374 rectoris
1197 1300 1252 1374 est
1277 1305 1466 1398 iniungere
1488 1301 1594 1375 verfi-

247 1414 370 1486 culum
388 1426 427 1487 et
443 1415 680 1508 autiphonam
697 1411 803 1507 super
819 1434 927 1485 nuuc
945 1435 1120 1486 arumnis
1141 1417 1198 1486 cui
1217 1415 1398 1486 voluerit·
1419 1415 1464 1486 In
1481 1417 1593 1508 quad-

247 1523 419 1621 ragesima
431 1550 517 1596 vero
534 1527 734 1620 antiphona
747 1546 870 1597 unam
888 1547 980 1598 vrrs
997 1537 1036 1598 et
1053 1529 1252 1620 antiphona
1269 1549 1291 1598 ο
1310 1548 1390 1598 aux
1407 1546 1592 1599 aucnrosu

247 1641 425 1731 repetitur
440 1635 520 1731 post
537 1636 713 1732 psalmum
733 1659 839 1709 nunc
857 1658 1031 1708 nffllrrrs
1044 1677 1052 1693 ·
1067 1638 1277 1723 Queruntur
1289 1635 1453 1710 versiculi
1471 1664 1492 1711 a
1509 1662 1593 1712 can-

246 1762 324 1822 tore
341 1749 478 1822 scilicet
491 1753 529 1820 in
547 1747 768 1843 simplicibus
785 1745 883 1821 festis
900 1774 922 1821 a
939 1750 1081 1822 duobus
1098 1749 1297 1823 rectoribus
1316 1752 1413 1823 chori
1432 1753 1567 1844 pariter
1582 1789 1590 1805 ·

247 1860 291 1933 lu
309 1862 513 1956 duplicibus
531 1859 629 1935 festis
646 1886 668 1934 a
685 1862 825 1933 duobus
841 1862 1040 1933 rectoribus
1057 1862 1315 1956 principalibus
1335 1917 1342 1934 .

247 1973 306 2045 Ad
336 1975 543 2046 Matutinus
572 1975 730 2045 officium
756 1973 964 2067 principalis
990 1975 1137 2046 remoris
1163 1971 1216 2045 est
1245 1977 1283 2046 in
1311 1977 1435 2068 primis
1459 1976 1592 2046 innita-

247 2088 379 2158 tarium
397 2110 420 2158 a
436 2095 583 2158 cantore
601 2109 751 2178 querere
777 2096 816 2156 et
834 2095 982 2156 cantum
1000 2084 1125 2178 psalmi
1144 2106 1288 2157 vnurrn
1310 2089 1440 2158 deinde
1458 2088 1590 2158 inuita·

248 2201 380 2270 torium
410 2221 493 2270 cum
519 2195 582 2268 suo
608 2194 702 2267 socio
727 2198 877 2288 incipiat
901 2206 940 2267 et
966 2195 1142 2291 pialmum
1168 2195 1284 2291 ipsum
1310 2195 1414 2270 simul
1440 2206 1591 2270 cantent

248 2307 369 2404 postea
385 2309 592 2404 principalis
605 2310 723 2380 rector
740 2318 867 2401 querat
885 2333 907 2380 a
923 2310 1062 2380 rettore
1079 2332 1254 2404 ympnum
1273 2319 1312 2382 et
1329 2312 1482 2404 primam
1499 2310 1591 2381 anti-

248 2423 403 2516 phouam
419 2418 525 2515 super
550 2419 704 2514 psalmos
722 2421 853 2492 deinde
879 2419 999 2492 versus
1018 2419 1080 2491 suo
1098 2421 1177 2493 loco
1196 2431 1234 2494 et
1251 2424 1402 2516 primam
1427 2421 1592 2516 antipho-

248 2557 331 2605 nam
348 2533 453 2628 super
469 2533 594 2604 laudes
611 2543 649 2604 et
668 2543 789 2605 cetera
806 2535 929 2605 omnia
942 2529 1101 2625 utsupra
1117 2543 1286 2606 notatum
1304 2530 1414 2606 estad
1428 2532 1590 2628 resperas

249 2643 330 2716 suut
348 2645 581 2736 exequenda·

249 2758 308 2828 Ad
327 2756 486 2828 Primam
504 2756 660 2826 officium
675 2755 882 2850 principalis
898 2757 1047 2827 rectoris
1060 2753 1113 2827 est
1128 2759 1363 2851 antiphonam
1381 2757 1486 2851 super
1502 2757 1593 2852 psal-

248 2892 346 2940 mum
364 2870 568 2960 cuicunque
586 2868 665 2938 vult
682 2869 871 2962 iniungere
889 2878 926 2939 et
942 2867 1206 2962 responsorium
1226 2869 1251 2940 J
1254 2891 1324 2942 usu
1342 2870 1513 2942 Cnnrsrn
1533 2873 1591 2942 cui

250 2981 428 3050 voluerit·

249 3093 308 3164 Ad
327 3088 472 3162 Miffam
489 3091 645 3162 officium
664 3091 870 3184 principalis
887 3093 1033 3162 rectoris
1052 3088 1104 3163 est
1120 3117 1142 3165 a
1160 3102 1307 3165 cantore
1324 3094 1500 3187 imprimis
1518 3099 1593 3168 offi-

250 3207 343 3276 cium
369 3226 520 3296 querere
544 3203 676 3274 deinde
702 3202 796 3274 socio
823 3201 886 3273 suo
911 3203 1001 3275 illud
1027 3207 1197 3276 intimare
1220 3204 1343 3299 pastea
1369 3207 1457 3279 illud
1487 3206 1591 3282 timul

249 3318 421 3410 incipiant
439 3324 478 3386 et
496 3313 672 3408 psalmum
697 3317 867 3387 intonent
885 3326 923 3386 et
950 3336 1091 3386 anunm
1110 3337 1222 3387 rrrm
1240 3320 1415 3411 incipiant
1433 3361 1441 3378 ·
1460 3323 1591 3395 deinde

250 3449 372 3500 nram
405 3427 534 3499 eodem
559 3427 666 3498 modo
697 3436 869 3518 queratur
893 3435 932 3498 et
957 3429 1150 3498 intimetur
1175 3439 1213 3501 et
1238 3431 1432 3523 incipiatur
1460 3435 1591 3506 deinde

249 3537 436 3632 sequentia
451 3537 673 3609 offertorium
687 3558 813 3610 sanus
826 3547 864 3610 et
878 3540 1084 3610 communio
1098 3541 1258 3633 proditio
1275 3543 1382 3613 modo
1396 3555 1593 3636 querantur

249 3655 464 3723 intimentur
480 3660 519 3722 et
536 3652 780 3743 incipiantur·

250 3874 421 3948 Preterea
438 3894 481 3944 1u
500 3893 699 3944 raorusrrs
717 3893 857 3944 nrnaus
875 3897 941 3966 per
958 3883 1075 3946 totam
1097 3875 1333 3948 ebdomadam
1360 3879 1521 3952 ciusdem
1539 3879 1593 3954 est

249 3988 404 4060 officium
432 3986 478 4057 ad
503 3981 664 4078 vesperas
681 3983 802 4056 versus
819 3995 857 4055 et
875 3987 1111 4079 antiphonam
1129 3983 1235 4082 super
1259 3987 1434 4082 psalmum
1453 4013 1594 4065 nsum-

250 4118 358 4170 rrcar
384 4119 535 4189 querere
553 4106 590 4167 et
608 4098 796 4190 iniungere
813 4106 852 4167 et
869 4117 1143 4170 annumeratus
1169 4101 1357 4194 iniungere
1374 4103 1419 4173 ad
1438 4105 1594 4198 comple-

250 4212 383 4282 torium
401 4219 441 4280 vt
458 4206 564 4302 supra
587 4248 596 4264 ·
621 4207 683 4279 Ad
709 4209 910 4280 matutinas
933 4211 970 4280 in
997 4207 1162 4302 profestis
1188 4211 1315 4284 diebus
1342 4215 1593 4289 inuitatorium

250 4345 399 4416 querere
417 4329 455 4391 et
472 4322 660 4414 iniungere
685 4316 807 4390 versus
827 4329 866 4391 et
883 4323 1120 4414 antiphonam
1146 4320 1251 4417 super
1274 4323 1451 4417 psalmum
1477 4349 1595 4402 narru-

251 4453 389 4506 merus
413 4454 563 4524 querere
579 4439 618 4502 et
635 4431 824 4525 iniungere
850 4441 889 4504 et
911 4452 1186 4506 cunemannus
1213 4435 1401 4533 iniungere
1419 4479 1427 4495 ·
1446 4437 1507 4511 Ad
1525 4445 1595 4536 pri·

252 4569 345 4618 mam
362 4543 388 4616 J
390 4563 461 4615 esu
479 4541 651 4614 Cnnlsru
668 4541 929 4636 responsorium
946 4546 1136 4640 iniungere
1155 4586 1163 4603 ·
