4050 5534
257 658 370 754 mm]
706 660 1113 741 ABERDONENSE.
1529 679 1602 756 2⁷9

228 847 232 853 ’
257 883 303 935 ex
315 871 419 955 perte
437 860 584 937 australi
599 861 663 936 sex
676 862 793 938 deeim
805 863 935 938 solidos
947 905 958 926 ·
971 876 1011 940 et
1024 869 1071 941 de
1082 869 1146 943 ille
1159 879 1256 944 berre
1267 892 1339 964 qus
1352 871 1447 946 inest
1464 873 1503 944 in
1518 873 1600 946 vieo

254 975 300 1048 de
315 974 353 1047 lu
368 997 482 1070 grene
510 977 609 1049 inter
624 983 758 1049 terrum
775 973 959 1051 Wiilelmi
976 976 1106 1076 Wynk
1122 1005 1170 1056 ex
1186 1003 1258 1055 rna
1281 992 1386 1078 purte
1402 993 1441 1057 st
1459 993 1596 1059 terrem

254 1085 337 1161 Ade
353 1088 419 1183 fiiij
433 1087 568 1186 Rogeri
584 1112 632 1163 ex
648 1088 765 1166 ultera
780 1085 920 1184 septem
935 1089 1066 1166 solidos
1079 1101 1136 1166 ·et
1153 1093 1199 1167 de
1215 1092 1281 1168 ille
1295 1105 1393 1168 terre
1409 1118 1481 1191 que
1501 1097 1597 1170 iuuet

253 1200 292 1271 in
308 1203 388 1274 vieo
405 1202 451 1274 de
470 1200 591 1297 Fotyn
615 1203 713 1276 inter
737 1210 872 1277 terrem
888 1205 951 1297 qui
967 1204 1102 1278 dicitur
1118 1205 1320 1280 redbaehus
1337 1229 1385 1280 ex
1401 1229 1474 1281 vnn
1492 1218 1596 1303 perte

250 1322 289 1386 et
314 1321 412 1386 terre
431 1311 625 1388 mdounnis
649 1315 697 1388 ds
717 1314 901 1390 Gnrmeeh
926 1339 974 1388 ex
999 1314 1115 1392 nibem
1130 1325 1288 1411 quatuor
1310 1318 1441 1393 solidos
1458 1357 1467 1376 ·
1485 1329 1525 1393 et
1549 1322 1596 1394 de

251 1421 323 1496 illis
339 1425 465 1498 mostis
482 1448 573 1520 quos
585 1424 769 1502 Henriens
786 1427 902 1501 disus
913 1423 999 1500 Koe
1014 1424 1125 1522 pistor
1134 1430 1180 1503 de
1196 1452 1258 1503 me
1274 1431 1397 1504 tenuit
1414 1433 1459 1506 ed
1472 1432 1595 1506 feodo-

250 1535 392 1611 firmnm
416 1538 619 1614 inuentibus
643 1539 683 1611 in
698 1537 838 1634 campo
863 1534 1016 1613 Jnstieie
1037 1563 1085 1612 ex
1109 1541 1326 1616 oecidentuli
1351 1551 1457 1639 purte
1482 1545 1594 1620 riuuli

251 1649 315 1743 qui
338 1649 472 1724 dieitur
495 1650 532 1725 le
553 1648 776 1725 Deneburne
802 1652 953 1748 triginta
977 1649 1109 1726 solidos
1134 1691 1144 1710 ·
1168 1676 1233 1748 pro
1266 1655 1422 1748 quadem
1454 1654 1595 1730 summa

250 1764 403 1854 pecunie
418 1785 528 1858 quem
543 1763 726 1858 predibius
743 1761 933 1836 Waltems
948 1765 1038 1837 mihi
1063 1765 1103 1837 in
1127 1787 1209 1838 mee
1232 1788 1365 1862 magne
1383 1763 1593 1841 neeeffitate

249 1871 411 1967 plenarie
427 1875 634 1949 numemuit
650 1884 689 1950 et
706 1876 851 1972 paeanii
866 1916 877 1935 ·
894 1875 1109 1950 Tenendum
1121 1887 1160 1951 et
1173 1877 1380 1952 habendum
1390 1881 1592 1975 prediorum

250 1987 433 2061 redditum
457 1989 537 2062 οᾶο
561 2010 764 2061 merentum
787 1988 948 2082 predibio
969 1986 1139 2063 Weltem
1164 2000 1204 2063 et
1227 1989 1420 2065 heredibus
1444 1991 1516 2066 suis
1533 1993 1592 2066 vel

250 2093 322 2172 suis
333 2095 516 2197 nffignetis
531 2107 572 2172 et
587 2099 833 2195 reeipiendum
859 2099 905 2173 de
929 2101 1097 2195 predidis
1115 2103 1221 2176 terris
1238 2111 1277 2174 st
1294 2127 1418 2176 esrum
1435 2107 1593 2179 tenenti·

249 2211 317 2284 bus
340 2211 390 2285 ed
414 2213 503 2287 duos
527 2214 614 2286 enni
638 2212 813 2286 terminos
829 2210 1000 2307 videlieet
1016 2235 1124 2286 vnum
1141 2215 1377 2288 medietatem
1394 2216 1439 2289 nd
1456 2215 1591 2290 Pente·

249 2320 385 2398 eostem
410 2333 451 2399 et
478 2323 588 2398 elium
614 2324 851 2398 medietatem
875 2323 923 2396 ed
950 2321 1082 2397 festum
1103 2323 1216 2400 saneti
1244 2323 1397 2399 Martini
1422 2329 1461 2400 in
1485 2349 1590 2423 yeme

248 2433 381 2530 absque
396 2437 469 2510 aiio
484 2456 594 2510 onere
605 2445 668 2512 aut
681 2433 831 2509 somiein
845 2433 996 2509 seenleri
1012 2438 1098 2511 inde
1114 2438 1280 2512 seniendo
1293 2475 1303 2496 ·
1316 2436 1396 2535 Ego
1409 2462 1494 2512 rere
1509 2465 1592 2535 pre-

248 2547 367 2622 dibbns
383 2547 568 2623 Martinus
592 2557 633 2623 et
656 2547 809 2622 heredes
832 2550 907 2620 mei
931 2548 991 2620 rel
1014 2543 1180 2646 eflignnti
1204 2550 1277 2625 mei
1293 2551 1495 2645 predidum
1510 2553 1591 2626 red·

248 2659 367 2733 ditum
382 2660 465 2734 odeo
487 2683 690 2735 marearum
714 2660 760 2733 de
784 2661 1081 2755 prodientem
1106 2664 1293 2736 annuatim
1317 2665 1589 2760 percipiendum

246 2796 311 2867 per
341 2775 462 2847 omniu
488 2774 585 2847 boun
616 2769 738 2846 nostre
768 2773 918 2846 mobilia
943 2784 983 2846 et
1015 2775 1217 2848 immobilia
1244 2784 1358 2849 terres
1387 2773 1526 2850 nostres
1549 2790 1589 2851 et

245 2881 472 2980 poffeffiones
487 2885 648 2981 prodibo
664 2881 833 2958 Wuitem
857 2895 898 2959 et
922 2884 1114 2959 heredibus
1138 2885 1210 2959 suis
1226 2887 1285 2962 vel
1310 2886 1382 2961 suis
1406 2883 1590 2984 effignatis

247 3007 374 3072 eontra
389 3020 515 3072 omnes
539 2999 705 3072 homines
729 3005 768 3070 et
792 2997 945 3071 feminus
970 3010 1009 3071 et
1034 2997 1100 3071 sub
1123 3021 1219 3094 pene
1234 2996 1488 3096 eompuifionis
1505 3027 1589 3076 een·

244 3109 326 3183 sure
360 3106 598 3186 eeelefiestiee
624 3111 664 3182 in
687 3106 875 3204 personam
908 3132 1029 3184 meam
1056 3119 1095 3184 et
1129 3111 1305 3185 heredum
1337 3135 1501 3186 meorum
1527 3115 1586 3188 vel

244 3245 410 3297 meorum
436 3220 693 3322 affignatomm
717 3218 851 3316 absque
875 3222 996 3316 ulique
1021 3224 1181 3296 remedie
1199 3223 1245 3298 de
1262 3226 1321 3298 die
1338 3226 1377 3296 in
1395 3225 1493 3300 diem
1516 3227 1588 3300 ful-

244 3337 416 3412 minnnde
432 3334 750 3410 wmundizebimns
766 3337 805 3407 in
829 3345 1047 3431 perpetuum
1071 3345 1111 3409 et
1134 3337 1401 3412 defendemus·
1419 3336 1466 3412 In
1482 3341 1586 3412 euius

246 3453 298 3524 rei
313 3445 561 3524 testimonium
577 3444 734 3544 sigillum
749 3469 873 3520 meum
890 3470 962 3522 vnn
977 3471 1062 3522 eum
1078 3451 1261 3522 communi
1278 3445 1393 3546 sigillo
1411 3451 1456 3522 de
1468 3451 1587 3526 Aber-

246 3564 318 3636 den
350 3561 398 3635 ad
429 3559 641 3635 instanciam
673 3579 794 3632 meam
826 3558 897 3653 hijs
930 3559 1046 3634 literis
1077 3561 1289 3656 putentibus
1321 3562 1393 3635 feei
1424 3567 1557 3658 epponi
1574 3607 1588 3630 ·.

247 3673 386 3748 Datum
411 3675 507 3768 apud
523 3671 697 3745 Aberden
720 3672 781 3746 die
804 3669 891 3745 lune
915 3675 1080 3768 proxime
1103 3668 1184 3767 post
1199 3670 1331 3745 festum
1350 3670 1585 3749 Asceneionis

247 3785 397 3859 Domini
420 3808 517 3860 enno
539 3785 657 3883 gretie
680 3780 872 3859 millefimu
905 3779 1152 3863 dueenbsfimo
1176 3782 1415 3882 eduugeiimo
1439 3787 1582 3881 prime·

245 3895 411 3972 Testibus
427 3898 581 3971 Matheo
590 3895 823 3974 Greuthened
835 3906 925 3969 tune
940 3896 1149 3970 nldermsno
1165 3895 1212 3970 de
1223 3894 1420 3972 Aberden·
1438 3898 1582 3996 Regem

246 4011 292 4084 de
317 4009 404 4108 Ry-
426 4009 617 4083 Wilielmo
635 4005 757 4083 Alkoc
782 4018 822 4082 et
846 4006 1039 4082 Willelmo
1057 4005 1272 4082 Msreseello
1298 4018 1387 4083 tune
1410 4015 1582 4107 temporis

245 4121 434 4219 prepofitis
459 4123 505 4196 de
520 4121 694 4196 Aberden
710 4159 721 4180 ·
735 4118 762 4193 J
763 4123 905 4196 ohanne
922 4121 968 4194 de
983 4117 1143 4216 Agnetis
1159 4158 1170 4179 ο
1186 4119 1326 4194 Thomu
1341 4121 1416 4194 filio
1433 4120 1553 4197 Alieie
1569 4165 1578 4182 ·

248 4235 437 4309 Willelmo
460 4235 668 4330 Propheta·
685 4232 877 4308 Willelmo
902 4271 1127 4292 ·······
1155 4229 1357 4306 Meleolmo
1381 4234 1427 4306 de
1452 4233 1582 4332 Polgo-
1623 4267 1626 4286 ·

246 4345 501 4443 ueny··Aleno
524 4347 655 4420 elerico
672 4388 681 4405 ·
699 4345 839 4421 Thema
863 4344 986 4419 Boner
1002 4385 1011 4403 ·
1030 4342 1202 4418 Gelhedo
1230 4344 1323 4416 dido
1340 4346 1387 4418 de
1404 4345 1578 4440 Geytun·

247 4459 425 4534 Dnneeno
442 4457 637 4532 Mereener
654 4501 663 4518 ·
679 4456 848 4532 Johenne
865 4459 961 4531 didio
977 4455 1115 4550 Seyer·
1135 4453 1295 4552 Symone
1306 4455 1387 4529 Tek
1413 4495 1421 4512 ·
1444 4455 1581 4532 Thema

246 4571 377 4646 clerieo
393 4573 440 4645 de
455 4571 630 4646 Aberden
646 4607 657 4628 ·
682 4579 721 4642 et
733 4570 813 4666 elijs
829 4609 839 4628 ·
1029 4599 1032 4607 <
