4050 5534
448 673 493 740 18
964 657 1272 736 REGISTRUM
1639 657 1793 754 [sacnar

447 863 597 938 unculas
621 865 667 936 ad
692 863 968 936 inhabitandum
993 861 1148 934 fecerint
1164 858 1224 932 rel
1249 883 1297 932 ex
1321 869 1451 932 mutuo
1473 856 1536 931 seu
1564 859 1792 931 commodato

446 976 639 1058 habuerint
672 972 739 1048 nifi
773 972 874 1049 secus
904 969 1135 1048 ecclesiarum
1166 971 1288 1067 aliqua
1320 971 1502 1068 legittima
1534 969 1793 1066 prescriptione

448 1089 557 1162 suerit
574 1090 717 1161 munita
734 1129 742 1144 ·

599 1310 746 1384 XLIII.
773 1308 884 1384 Casus
900 1312 939 1381 in
956 1309 1086 1402 quibus
1109 1309 1470 1382 excommunicantur
1492 1309 1554 1401 qui
1582 1308 1793 1402 perturbant

598 1427 693 1497 viros
710 1419 967 1496 ecclesiasticos
983 1421 1046 1494 seu
1063 1445 1188 1493 eorum
1213 1430 1462 1515 procuratores
1478 1443 1526 1492 ne
1543 1420 1677 1492 saciant
1697 1443 1794 1492 com-

598 1537 748 1609 modum
765 1531 868 1606 suum
887 1533 932 1606 de
950 1533 1098 1606 decimis
1115 1532 1187 1606 suis
1204 1573 1214 1591 ·

452 1760 549 1833 Item
575 1758 766 1833 statuimus
791 1783 838 1831 ne
863 1758 1032 1832 aduocati
1056 1751 1286 1830 ecclesiarum
1311 1755 1374 1828 seu
1395 1755 1549 1850 quilibet
1573 1754 1656 1828 laici
1682 1761 1794 1852 impe·

452 1875 553 1946 diaut
578 1872 636 1945 rel
666 1872 882 1967 prohibeant
911 1881 977 1942 aut
1007 1871 1128 1963 aliquo
1158 1869 1266 1941 modo
1293 1867 1513 1962 compellant
1541 1865 1708 1963 personas
1735 1871 1794 1941 vel

451 1986 601 2057 vicarios
626 1981 688 2056 seu
717 1992 968 2077 procuratores
998 2005 1123 2054 eorum
1148 2005 1220 2074 quo
1249 1981 1369 2053 miuus
1394 1982 1440 2052 de
1465 1981 1613 2053 decimis
1637 1981 1709 2053 suis
1733 1981 1794 2056 seu

452 2099 680 2170 domiuorum
704 2091 849 2167 suorum
875 2094 989 2166 libere
1007 2093 1152 2166 valcant
1177 2089 1363 2187 disponere
1380 2093 1538 2164 rendere
1554 2092 1611 2165 vel
1638 2093 1795 2167 alienare

452 2231 668 2303 quocunque
693 2208 800 2279 modo
818 2206 1000 2278 voluerint
1026 2229 1094 2278 uec
1119 2206 1230 2278 etiam
1255 2201 1327 2276 suis
1351 2205 1409 2276 vel
1434 2205 1562 2277 alienis
1590 2205 1796 2279 hominibus

452 2321 668 2416 prohibeant
689 2343 737 2391 ne
759 2319 937 2390 decimam
960 2327 1085 2390 emant
1110 2315 1173 2390 seu
1197 2319 1309 2390 etiam
1333 2316 1422 2390 alias
1446 2318 1684 2392 obuentiones
1701 2360 1709 2377 ·
1727 2345 1795 2393 nec

454 2434 565 2506 etiam
583 2433 723 2504 clericis
743 2430 889 2523 aliquod
914 2431 1217 2525 impedimentum
1241 2427 1403 2524 prestent
1420 2452 1492 2523 qno
1507 2433 1627 2503 minus
1644 2432 1689 2505 ad
1707 2457 1796 2528 opus

453 2545 637 2638 proprium
660 2565 720 2614 eas
743 2541 918 2637 colligant
941 2553 980 2614 et
1005 2565 1070 2636 pro
1093 2543 1240 2615 arbitrio
1266 2540 1329 2614 suo
1346 2543 1392 2614 de
1408 2545 1452 2637 ijs
1469 2540 1658 2637 disponant
1674 2583 1683 2601 ·
1700 2545 1797 2638 quod

455 2653 589 2748 liquis
618 2653 863 2727 contrafacere
893 2651 1145 2748 presumpserit
1169 2655 1229 2726 rel
1257 2677 1402 2748 quoquo
1430 2656 1538 2727 modo
1567 2657 1605 2728 in
1634 2657 1796 2730 fraudem

455 2763 693 2842 ecclesiastice
727 2765 906 2838 libertatis
935 2775 974 2836 et
1003 2762 1182 2838 sacrorum
1216 2789 1396 2840 canonum
1429 2767 1656 2841 machinatus
1687 2771 1798 2842 fuerit

455 2881 669 2953 undositate
687 2877 829 2972 concilij
846 2877 1025 2973 generalis
1042 2880 1403 2952 excommunicetur·

803 3100 947 3174 XLIV.
975 3100 1034 3173 De
1051 3103 1253 3176 furantibus
1270 3105 1453 3176 decimas·

457 3327 553 3400 Item
580 3324 771 3398 statuimus
797 3327 892 3419 quod
917 3329 1123 3420 quicunqne
1147 3327 1211 3421 filij
1242 3329 1454 3422 perditionis
1479 3331 1636 3404 decimas
1665 3332 1799 3405 furtiue

456 3439 698 3534 subripuerint
724 3449 788 3510 aut
810 3441 846 3510 vi
871 3449 936 3510 aut
961 3439 1055 3511 clam
1082 3441 1339 3534 occupaueriut
1364 3453 1429 3514 aut
1454 3442 1611 3516 decimas
1636 3442 1799 3540 segetum

456 3550 570 3626 sedlas
586 3554 624 3622 in
641 3553 735 3647 agris
761 3551 975 3643 reliquerint
996 3561 1061 3623 aut
1086 3574 1151 3644 per
1166 3575 1271 3646 agros
1295 3555 1513 3646 proiecerint
1539 3565 1577 3627 et
1603 3558 1648 3628 ad
1672 3558 1801 3630 horrea

456 3663 652 3738 secundum
670 3664 901 3736 rationabiles
919 3674 958 3736 ct
974 3666 1142 3757 antiquas
1162 3662 1441 3738 consuetudines
1458 3667 1598 3742 deferre
1614 3680 1801 3765 contemp·

456 3775 568 3849 serint
595 3773 835 3849 ecclesiastica
862 3773 1010 3848 censura
1034 3777 1080 3848 ad
1106 3773 1392 3849 satisfaciendum
1416 3777 1497 3850 Deo
1522 3789 1560 3852 et
1585 3778 1734 3854 ecclesie
1758 3807 1802 3856 ac

456 3889 596 3962 clericis
614 3885 695 3960 lelis
713 3898 752 3960 et
769 3889 1034 3983 dampnificatis
1050 3888 1232 3982 legittime
1249 3889 1540 3983 compellantur·

942 4110 1066 4185 XLV.
1093 4112 1151 4185 De
1168 4114 1296 4186 eodem
1314 4155 1322 4170 ·

458 4337 518 4409 Ad
546 4338 612 4410 hec
633 4333 824 4410 statuimus
842 4337 937 4429 quod
962 4334 1029 4409 iste
1045 4333 1228 4410 sentencie
1245 4339 1282 4409 in
1299 4332 1447 4433 siugulis
1473 4337 1630 4436 ecclelijs
1648 4338 1803 4438 singula·

457 4471 537 4520 rum
552 4445 741 4542 dyocesum
759 4448 805 4520 ad
822 4471 888 4521 nos
904 4446 1143 4542 spectantium
1159 4473 1225 4545 per
1241 4457 1316 4522 tres
1328 4451 1405 4524 dies
1421 4448 1637 4549 sollempnes
1653 4449 1802 4551 singulis

457 4562 560 4633 annis
576 4558 810 4654 publicentur
827 4601 835 4617 ·
