4050 5534
205 653 304 748 rvr]
673 652 1078 727 Aasnnonnnsn
1474 660 1544 725 rsa

203 876 290 947 opus
303 854 413 925 fuerit
426 863 582 946 quatuor
594 854 779 926 vnciarum
794 854 888 933 dono
900 853 1090 925 reuerendi
1103 854 1215 947 patris
1226 853 1364 926 domini
1376 852 1543 926 Villelmi

204 963 443 1059 Elphinstoun
461 967 643 1058 quondam
661 961 930 1037 Aberdonenfis
948 964 1102 1060 episcopi
1122 1017 1131 1035 .

254 1077 335 1149 Duo
353 1078 462 1149 corda
474 1086 646 1172 argentea
656 1100 809 1170 quorum
821 1100 932 1149 vnum
944 1076 1156 1150 deauratum
1170 1079 1264 1149 dono
1275 1075 1425 1150 honeste
1437 1077 1545 1149 muli-

205 1192 271 1261 eris
288 1190 408 1261 vxoris
426 1188 628 1261 Alexandri
654 1188 752 1281 Gray
770 1185 955 1284 burgenfis
981 1191 1026 1261 de
1043 1188 1217 1262 Aberden
1241 1198 1279 1261 et
1297 1190 1453 1262 alterum
1471 1213 1544 1260 non

206 1303 415 1373 deauratum
434 1301 529 1372 donc
546 1300 743 1374 Catherine
761 1301 898 1396 Retray
916 1356 924 1373 .

252 1412 438 1485 Pectorele
453 1436 517 1505 pro
529 1434 600 1486 vna
610 1436 723 1507 eappa
736 1436 782 1485 ex
795 1436 904 1507 cupro
918 1414 1092 1487 deaurato
1104 1414 1150 1486 ab
1162 1416 1312 1506 antiquo
1324 1410 1544 1486 concellum·

252 1524 370 1597 Perua
394 1521 632 1597 monstrantia
648 1528 789 1621 argenti
815 1548 899 1599 cum
925 1527 1085 1619 reliquijs
1114 1526 1208 1596 dono
1236 1526 1453 1598 venerabilis
1478 1528 1545 1595 viri

206 1633 361 1731 magistri
386 1636 588 1709 Alexandri
614 1635 789 1731 Syrnsone
815 1640 995 1729 quondam
1021 1639 1204 1709 reeorisa
1221 1635 1441 1709 Monemulk
1458 1662 1547 1732 pcn-

208 1750 297 1821 deris
314 1751 419 1821 vnius
433 1749 524 1821 libre
542 1789 551 1805 ·

254 1860 338 1932 Duo
351 1871 477 1933 textus
496 1862 766 1957 euangeliorum
785 1864 870 1933 dieti
888 1862 925 1955 ly
942 1862 1090 1955 tpsseris
1107 1885 1154 1934 ex
1171 1884 1283 1954 cupro
1301 1862 1465 1933 deaurati
1482 1884 1546 1955 pro

208 1971 512 2046 administratione
536 1975 635 2045 chori
665 1974 847 2046 ferialibus
877 1974 1004 2045 diebus
1035 1974 1200 2067 deputati
1230 1996 1277 2045 ex
1304 1974 1436 2065 quibua
1453 1969 1546 2045 defit

207 2108 274 2158 Μ
290 2108 445 2181 ΥΜΚΟ·

254 2196 351 2269 Item
369 2196 441 2269 due
460 2198 567 2270 thece
584 2198 777 2269 aurichalci
795 2200 977 2291 quondam
995 2199 1167 2271 desumte
1192 2200 1230 2269 in
1248 2197 1379 2291 quibus
1395 2198 1546 2289 reliquie

209 2312 427 2403 quorundam
445 2308 647 2384 santorum
658 2309 961 2385 conseruabantur
973 2310 1034 2383 sed
1052 2312 1097 2383 ad
1114 2307 1259 2403 presens
1275 2310 1414 2381 incuria
1426 2307 1547 2381 custo-

209 2423 290 2493 dum
308 2422 483 2494 0bliuioni
500 2424 694 2496 traduntur
711 2420 771 2495 sed
798 2426 935 2496 credite
951 2425 1054 2494 fuere
1070 2422 1222 2514 reliquie
1238 2444 1370 2517 magne
1386 2423 1548 2494 authori-

210 2536 316 2605 tatis·

255 2646 339 2718 Due
370 2646 491 2740 phiole
525 2648 666 2743 argenti
698 2649 778 2720 octo
808 2648 993 2719 vnciarum
1029 2648 1124 2718 donc
1154 2643 1313 2743 magistri
1344 2646 1546 2718 Alexandri

210 2757 393 2852 Galloway
409 2782 431 2831 a
447 2758 613 2852 Kynkell
630 2761 776 2833 rectoris
794 2801 802 2817 ·

211 3095 303 3167 ῙΤΒΜ
321 3116 397 3167 PER
413 3116 683 3169 REUERENDUM
702 3117 744 3169 IN
761 3095 934 3169 Cflmsno
947 3115 1101 3168 PATREM
1115 3114 1161 3165 Ac
1172 3113 1358 3165 Domuum
1371 3095 1542 3167 ΤΗΟΜΔΜ

419 3207 541 3280 SPEN!
559 3228 751 3287 QUONDAM
769 3229 982 3282 EPISGOPUM
999 3208 1344 3279 ABERDONENSEM.

258 3430 338 3504 Due
355 3431 477 3527 phiole
490 3433 631 3527 argenti
648 3455 799 3526 quarum
817 3456 888 3505 vna
903 3435 1077 3506 deaurata
1093 3440 1133 3503 et
1149 3430 1263 3503 altera
1278 3431 1363 3503 alba
1380 3433 1545 3525 ponderis

212 3540 271 3615 sex
294 3546 480 3616 vnciarum
504 3567 571 3637 per
598 3546 838 3619 reuerendum
866 3545 1049 3639 quondam
1075 3552 1217 3637 patrem
1233 3541 1411 3613 Thomam
1428 3543 1545 3637 Spens

213 3654 413 3751 episcopum
430 3653 725 3728 Aberdonensem
744 3698 752 3715 ·

260 3765 401 3841 Tabula
423 3791 487 3862 pro
508 3791 599 3861 pace
624 3770 662 3840 in
689 3770 796 3841 choro
819 3767 1055 3841 ministranda
1076 3791 1159 3840 cum
1181 3768 1298 3839 tribus
1319 3769 1546 3863 ymaginibus

185 3910 189 3922 ·
212 3882 374 3983 ponderis
385 3877 447 3951 sex
463 3881 651 3952 vnciarum
664 3904 747 3953 cum
759 3882 957 3955 dimediata
967 3881 1063 3952 dono
1080 3864 1241 3953 einsdem
1253 3880 1390 3952 domini
1407 3880 1545 3953 Thome

213 3992 325 4088 Spens
341 4013 425 4065 cum
441 3992 521 4086 alijs
538 3989 696 4065 eiusdem
713 3994 945 4066 muneribus·
