4050 5534
237 651 322 747 xa]
708 650 1113 726 annnoonnusn.
1514 659 1580 725 141

238 852 332 924 Item
360 876 431 925 rna
447 877 561 948 cappa
578 854 624 924 de
642 850 771 923 blodeo
785 852 830 923 de
844 854 939 923 dono
952 849 1112 948 magistri
1136 851 1295 925 Walteri
1310 849 1453 924 Forstar
1470 874 1583 945 qnon-

284 966 370 1037 dam
388 965 544 1060 episcopi
569 960 820 1037 Brechinensis
838 1006 845 1025 ·

237 1076 334 1149 Item
353 1100 425 1151 vna
449 1101 563 1173 cappa
588 1079 633 1149 de
651 1076 774 1149 veluct
801 1079 913 1150 veridi
940 1079 1027 1151 data
1043 1101 1108 1170 per
1124 1078 1310 1149 dominnm
1328 1066 1581 1150 Aleriandrum

283 1190 332 1262 de
352 1191 489 1263 Forbee
506 1189 662 1261 militem
680 1230 688 1246 ·

238 1302 334 1373 Item
348 1326 420 1376 vna
436 1325 551 1397 cappa
568 1302 699 1373 veridia
717 1302 889 1373 deaurata
902 1325 972 1394 que
990 1302 1124 1374 dicitur
1141 1324 1254 1395 cappa
1265 1304 1310 1374 de
1321 1302 1583 1375 maledictioni-

285 1417 354 1487 bus
372 1417 458 1488 data
474 1439 540 1510 per
556 1416 743 1485 domiuum
761 1412 1013 1486 Alexandrum
1032 1411 1237 1508 episcopum
1255 1457 1264 1471 ·

236 1525 332 1599 Item
368 1551 439 1600 vna
464 1550 577 1621 cappa
603 1527 734 1598 veridie
757 1528 843 1599 data
869 1550 932 1619 per
957 1528 1144 1598 dominum
1170 1526 1423 1600 Alexandrum
1449 1526 1583 1622 episeo-

285 1662 373 1733 pum
392 1680 401 1699 ·

236 1751 331 1825 Item
364 1776 436 1823 vna
460 1774 573 1845 cappa
603 1752 648 1823 de
676 1750 908 1845 charbukylis
931 1751 1018 1823 data
1041 1775 1106 1845 per
1122 1752 1307 1824 dominum
1327 1751 1579 1825 Alexandrum

283 1864 492 1959 episcopum
510 1874 548 1937 ot
565 1873 730 1957 reparata
746 1886 811 1957 per
828 1865 1013 1935 domiuum
1028 1862 1261 1936 Willelmum
1280 1866 1325 1937 de
1343 1864 1578 1939 Grawfnrde·

235 1976 329 2049 Item
349 1978 423 2049 due
441 2000 553 2071 cappe
571 1974 745 2049 deserina
763 1976 875 2048 veridi
894 1977 1067 2049 deaurato
1084 1979 1146 2049 dat
1131 1986 1168 2048 te
1185 2000 1251 2107 per
1264 1978 1449 2049 domiuum
1464 1977 1580 2049 Alex-

284 2092 440 2162 andrum
458 2087 691 2183 episcopum·

234 2201 328 2274 Item
359 2226 432 2275 vna
457 2225 571 2296 cappa
596 2202 642 2273 de
668 2202 780 2271 veridi
807 2200 892 2273 data
916 2225 981 2296 per
1006 2202 1192 2274 domiuum
1218 2202 1472 2274 Alexandrum
1489 2200 1580 2297 epis-

284 2338 444 2409 copum·

235 2426 332 2500 Item
359 2450 432 2501 rna
456 2448 569 2521 eappa
593 2428 639 2498 de
664 2426 777 2497 rubeo
801 2424 913 2497 serico
932 2426 1018 2499 data
1041 2450 1105 2520 per
1122 2426 1308 2499 dominum
1326 2387 1579 2501 Alexandrum

283 2537 518 2635 episcopum·

234 2652 332 2725 Item
351 2654 424 2723 due
441 2674 554 2745 cappe
571 2652 616 2722 de
634 2651 748 2722 burde
773 2650 958 2725 alexandri
977 2674 1042 2745 pro
1065 2649 1250 2723 ferialibus
1268 2652 1395 2724 diebus
1413 2654 1498 2726 data
1514 2677 1580 2747 per

283 2768 473 2838 domiuum
491 2762 694 2836 Henricum
721 2765 766 2837 de
792 2764 959 2860 Lyohton
978 2759 1185 2856 episcopum
1208 2805 1219 2821 ·
1248 2763 1345 2835 Item
1364 2766 1580 2839 venerabilia

283 2882 339 2950 vir
363 2874 534 2971 magister
560 2876 759 2949 Duncanue
784 2877 829 2948 de
848 2876 1038 2971 Lyohtona
1054 2875 1291 2949 cancellarius
1308 2873 1578 2949 Aberdonanfia

282 2992 386 3064 dedit
403 2998 443 3062 et
460 2988 595 3084 optulit
613 2988 693 3061 Deo
712 3000 750 3061 et
767 2990 874 3062 beate
900 2988 1021 3059 Mario
1048 2990 1177 3084 virgini
1194 3011 1302 3061 vnum
1325 3012 1476 3083 cappam
1502 2989 1580 3062 bla-

281 3126 390 3176 ueam
414 3102 624 3173 deauratam
650 3124 721 3194 que
739 3102 927 3174 vocabitur
945 3100 1136 3195 Lyohtona
1152 3103 1190 3171 in
1208 3097 1300 3172 festo
1316 3102 1578 3196 purificationIe

282 3218 391 3289 beate
410 3214 530 3285 Marie
548 3215 694 3309 virginio
719 3237 814 3287 anno
836 3212 985 3285 Domini
1012 3210 1202 3284 millesimo
1228 3211 1579 3308 quadringentesimo

282 3322 557 3423 quadragesimo
575 3328 636 3418 qui
654 3326 800 3417 quidem
818 3322 988 3420 magister
1005 3324 1205 3397 Dnncanue
1223 3327 1293 3397 suit
1311 3336 1423 3421 n'epoa
1448 3329 1578 3421 prefati

281 3442 422 3513 domini
440 3439 593 3511 Henrici
612 3439 657 3509 de
675 3437 869 3532 Lyohtoun
887 3434 1043 3531 episcopi
1061 3434 1323 3510 Abirdonensie
1341 3476 1350 3497 ·

232 3554 332 3627 Item
350 3554 423 3625 duo
440 3550 657 3647 pendeculia
674 3573 737 3644 pro
755 3552 877 3644 cappis
894 3575 916 3621 a
933 3559 1035 3642 parte
1052 3546 1131 3643 post
1149 3590 1157 3607 ·

561 3888 689 3961 Parent
708 3908 780 3959 nno
798 3906 1044 3960 onnanenura
1061 3907 1264 3960 nccnnsrn·

230 4118 275 4191 In
304 4119 432 4213 primis
457 4137 550 4186 mue
566 4134 708 4207 pennus
733 4112 779 4183 de
796 4110 908 4183 Arme
934 4112 979 4183 de
1006 4111 1221 4206 Epyphania
1246 4114 1291 4185 de
1317 4113 1412 4184 dono
1438 4115 1573 4189 domini

280 4228 444 4301 Gilberti
461 4225 618 4321 episcopi
636 4268 645 4286 ·

230 4342 330 4416 Item
349 4343 509 4435 quinque
538 4339 640 4433 pecie
668 4340 713 4411 de
743 4332 857 4409 arrass
878 4360 941 4430 pro
960 4338 1069 4409 choro
1095 4338 1140 4409 de
1168 4335 1384 4409 salutatione
1413 4343 1577 4437 angelica

279 4458 369 4529 date
386 4476 452 4547 per
467 4451 671 4548 episcopum
691 4449 943 4523 Alexandrum
961 4490 969 4507 ·

228 4569 331 4642 Item
349 4589 443 4639 vnue
461 4588 602 4660 pannus
618 4565 663 4637 de
681 4558 794 4637 arrall
805 4564 849 4635 de
866 4560 1005 4657 septem
1022 4563 1183 4656 peccatis
1200 4562 1414 4637 mortalibus
1433 4603 1441 4620 ·
