4050 5534
242 668 340 764 111]
710 671 1115 748 nonanonnnsn.

621 983 767 1057 XLVI.
795 985 853 1058 De
870 983 1173 1081 conspiratoribus
1190 1029 1198 1045 ·

241 1205 600 1283 Exoommunicamus
638 1211 749 1306 etiam
787 1233 912 1282 omnes
950 1209 1211 1306 conspiratores
1250 1222 1377 1286 contra
1416 1217 1577 1309 proprios

240 1318 414 1416 episcopos
431 1322 490 1394 rel
508 1323 645 1395 allenos
662 1323 763 1418 regni
782 1331 821 1396 et
837 1347 962 1395 omnes
979 1323 1281 1419 conspiratoribus
1304 1323 1576 1402 consencientes

239 1457 275 1503 eo
292 1436 387 1527 quod
404 1433 498 1507 tales
514 1432 702 1508 scismatici
719 1433 804 1506 sunt
821 1446 859 1507 et
876 1437 1028 1508 infames
1045 1477 1054 1493 ·

535 1659 701 1735 XLVII.
728 1660 785 1732 De
803 1661 1012 1734 obediencia
1029 1660 1266 1734 clericorum·

234 1881 409 1968 Quoniam
437 1884 565 1956 melior
588 1881 641 1957 est
664 1885 873 1958 obediencia
895 1909 1003 1978 quam
1021 1889 1166 1960 11111111
1192 1898 1231 1959 11
1255 1891 1483 1962 contumacia
1505 1888 1569 1962 seu

231 1997 477 2070 inobediencia
492 2009 641 2091 peccato
655 1997 828 2070 ariolandi
842 2008 880 2070 et
896 1998 1095 2093 ydolaterie
1113 2009 1362 2092 comparatur·
1378 1999 1568 2076 statuimus

231 2109 321 2201 quod
340 2133 465 2182 omnes
485 2106 713 2183 ecclesiastici
731 2111 796 2182 1111
821 2109 892 2181 suis
918 2109 1125 2205 dyocesanis
1150 2112 1406 2185 archidiaconis
1424 2116 1568 2188 decanis

230 2221 266 2290 in
282 2223 462 2294 mandatis
474 2222 583 2294 licitis
596 2230 634 2294 et
648 2223 829 2294 canonicis
843 2227 1106 2296 contumaciter
1118 2230 1158 2294 et
1170 2220 1246 2295 sine
1262 2223 1451 2300 manifesta
1462 2228 1568 2302 causa

177 2325 179 2330 ’
230 2334 431 2406 rationabili
455 2331 658 2406 resistentes
681 2335 726 2406 ab
750 2334 865 2406 officio
891 2333 1151 2430 suspendantur
1173 2346 1211 2408 et
1236 2336 1418 2410 crescente
1439 2352 1566 2413 contu-

230 2449 339 2519 mucia
355 2469 451 2540 pene
467 2447 592 2518 malori
609 2444 809 2518 subdantur
826 2485 834 2504 ·

227 2669 412 2746 XLVIII.
430 2672 487 2744 De
498 2669 746 2766 questionariJa
757 2672 851 2765 quod
863 2693 935 2743 non
950 2667 1017 2742 11111
1026 2671 1136 2746 semel
1149 2675 1188 2744 in
1198 2696 1293 2746 anno
1304 2674 1563 2750 admittantur·

224 2897 405 2984 Quoniam
430 2898 576 2992 quidam
602 2893 829 2989 questionarij
848 2897 954 2991 varijs
980 2894 1205 2970 illusionibus
1229 2900 1368 2970 animas
1393 2896 1563 2995 simplicis

221 3011 345 3106 populi
378 3006 555 3082 seducunt
588 3005 778 3082 statuimus
813 3011 908 3101 quod
942 3031 1026 3081 cum
1060 3011 1188 3104 aliquis
1224 3008 1483 3104 questionarius
1516 3016 1562 3086 ad

221 3123 379 3215 aliquam
404 3118 590 3196 ecclesiam
615 3117 796 3194 accesserit
820 3117 1026 3194 ministrans
1050 3123 1088 3193 in
1105 3125 1231 3196 eadem
1258 3119 1409 3197 ecclesia
1433 3127 1561 3199 eodem

222 3234 279 3306 die
296 3237 485 3330 negotium
498 3236 583 3308 111811
600 3230 829 3328 questiouarij
847 3235 1073 3328 parochianis
1088 3233 1160 3306 suis
1176 3245 1387 3308 1111111111
1402 3250 1561 3334 exponat

220 3345 415 3422 secundum
435 3349 529 3441 quod
547 3348 585 3418 in
602 3346 715 3420 literis
732 3347 868 3419 domini
886 3345 984 3440 Pape
1002 3356 1041 3418 et
1059 3344 1247 3441 dyocesani
1264 3351 1493 3422 continetur·
1508 3354 1561 3425 ita

220 3464 316 3554 quod
325 3463 498 3534 dittarum
509 3459 695 3531 literarum
706 3466 870 3530 tenorem
880 3458 1090 3531 nullatenus
1100 3459 1328 3532 excedat·ad
1339 3462 1451 3534 alium
1463 3464 1559 3537 diem

221 3587 344 3648 autem
361 3573 455 3646 infra
470 3594 606 3643 annum
623 3570 727 3642 illum
744 3571 901 3641 eundem
914 3568 1194 3663 questiouarium
1212 3574 1249 3642 in
1267 3574 1393 3644 eadem
1410 3573 1560 3647 ecclesia

220 3710 284 3781 pro
300 3688 430 3760 eodem
446 3685 595 3780 negocio
613 3682 713 3754 nullo
729 3683 837 3753 modo
850 3684 1043 3756 admittat·
1056 3685 1102 3755 ad
1118 3685 1188 3756 hoc
1203 3680 1394 3756 statuimus
1407 3686 1559 3760 firmiter

220 3797 480 3870 obseruandum
514 3796 609 3890 quod
639 3818 661 3867 a
689 3794 863 3887 principio
897 3792 1166 3890 quadragesime
1192 3793 1302 3888 vsque
1335 3798 1381 3868 ad
1413 3800 1557 3872 obtauas

221 3909 356 3986 Pascha
389 3912 580 4006 negocium
613 3907 747 3980 fabrice
782 3903 1011 4002 Glasguenfis
1045 3903 1194 3980 ecclesre
1227 3911 1395 3982 omnibus
1430 3913 1556 3985 diebus

219 4026 406 4098 dominicis
431 4032 469 4095 et
493 4022 649 4094 fideliter
665 4027 703 4092 et
720 4017 914 4114 diligenter
930 4021 967 4091 in
984 4015 1133 4115 singulis
1158 4017 1317 4117 ecclesijs
1341 4019 1421 4117 post
1445 4047 1555 4097 euan-

216 4137 352 4235 gelium
377 4129 476 4208 misse
500 4131 712 4229 parochialia
737 4141 939 4226 exponatur
964 4140 1002 4203 11
1027 4131 1256 4227 indulgentia
1280 4134 1398 4206 eidem
1420 4135 1555 4209 fabrice

218 4248 513 4325 subuenientibus
543 4240 705 4319 concessa
728 4266 837 4336 quam
866 4245 903 4314 in
932 4244 1095 4336 qualibet
1119 4240 1269 4317 ecclelia
1293 4242 1461 4339 scriptam
1485 4244 1555 4322 esse

215 4364 431 4458 precipimus
456 4368 580 4454 aperte
597 4368 636 4430 et
652 4351 817 4428 distincte
842 4353 975 4428 eisdem
999 4355 1225 4451 parochianis
1242 4355 1438 4451 vulgariter
1459 4360 1555 4436 dica-

217 4487 277 4548 tur
292 4485 331 4548 et
348 4468 543 4548 elemosine
567 4469 764 4542 eorundem
789 4492 831 4541 ac
856 4468 952 4540 bona
977 4469 1230 4541 decedentium
1247 4470 1293 4541 ab
1315 4468 1487 4546 intestato
1512 4499 1554 4549 ae

217 4591 325 4662 etiarn
350 4589 411 4684 pie
437 4585 556 4682 legato
580 4580 776 4656 secuudum
802 4577 1100 4654 consuetudinem
1124 4581 1298 4655 habenas
1321 4584 1554 4678 approbatam
