4050 5534
100 1281 270 1338 hermantia

100 1349 199 1404 terrui

99 1517 231 1572 ulturum

100 1585 273 1652 tinniturum

101 2069 297 2139 Briusscuiuus
308 2073 369 2125 scr·

102 2139 206 2195 uitatis
217 2135 297 2205 rapis

423 631 469 700 46
943 621 1250 698 REGISTRUM
1616 626 1768 722 [secum

420 826 618 900 cathedrali
636 819 869 896 residenciam
883 822 1003 896 iacere
1021 819 1243 916 personalem
1257 831 1296 894 et
1309 821 1405 914 quod
1419 829 1565 894 tantum
1583 819 1770 896 residenti·

420 939 489 1009 bus
509 937 690 1009 canonicis
716 936 898 1008 cotidiana
916 929 990 1006 fiue
1007 933 1263 1006 ebdomadario
1280 933 1343 1006 siat
1361 937 1568 1006 communie
1593 959 1658 1028 pro
1680 945 1771 1008 tem·

420 1073 508 1143 pore
532 1047 740 1120 distribucio
765 1058 804 1118 et
829 1047 926 1139 quod
954 1047 1111 1118 decanus
1137 1045 1321 1140 duplicem
1348 1045 1499 1140 recipiat
1526 1051 1769 1120 communiam

421 1163 580 1234 maxime
605 1171 729 1232 autem
747 1169 786 1230 et
804 1155 1007 1251 specialiter
1024 1158 1120 1250 quod
1138 1169 1295 1250 quatuor
1316 1157 1534 1250 principales
1560 1157 1770 1252 persone·in

421 1275 537 1346 forma
558 1269 758 1365 subscripta
782 1271 827 1342 ad
853 1265 1087 1342 resrdenciam
1113 1277 1311 1342 teneantur
1327 1307 1336 1324 ·
1355 1267 1525 1340 Decanus
1548 1293 1613 1362 pro
1636 1274 1769 1342 maiore

421 1395 525 1478 purte
550 1386 636 1458 anni
654 1393 802 1456 tenetur
818 1385 992 1454 continue
1009 1379 1164 1454 residere
1182 1381 1240 1452 vel
1268 1379 1529 1474 interpollatim
1547 1391 1585 1452 et
1601 1382 1671 1456 hoc
1687 1405 1769 1456 cum

422 1493 625 1568 installatus
637 1497 748 1567 suerit
766 1495 941 1587 corporali
953 1493 1113 1567 firmabit
1130 1495 1358 1566 iuramento·
1374 1492 1572 1566 Precentor
1583 1493 1769 1568 Cancella-

422 1609 496 1678 rius
512 1607 766 1679 Thesaurarius
791 1615 964 1678 tenentur
980 1602 1134 1678 rendere
1151 1629 1217 1698 per
1234 1606 1425 1676 dimidium
1443 1627 1581 1678 annum
1598 1609 1769 1680 continue

424 1718 481 1790 vel
511 1719 772 1813 interpollatim
804 1717 869 1788 tali
900 1718 1072 1790 videlieet
1102 1717 1265 1788 adhibito
1295 1717 1543 1788 moderamine
1571 1719 1667 1810 quod
1694 1729 1768 1792 tam

423 1833 586 1903 canonici
604 1827 782 1924 simplices
795 1853 904 1922 quam
921 1831 960 1900 in
974 1830 1154 1924 dignitate
1172 1825 1358 1900 constituti
1377 1837 1534 1922 excepto
1548 1827 1621 1903 solo
1635 1831 1770 1904 decano

423 1944 485 2036 qui
517 1944 562 2014 de
589 1943 741 2015 licencia
770 1939 925 2035 episcopi
956 1942 1083 2013 decani
1110 1950 1149 2012 et
1174 1940 1325 2034 capituli
1355 1941 1393 2010 in
1422 1936 1574 2012 seruioio
1603 1938 1770 2014 steterint

423 2057 518 2150 regis
544 2053 619 2127 srue
645 2055 777 2149 proprij
804 2051 960 2147 episcopi
985 2062 1049 2125 aut
1075 2053 1113 2122 in
1138 2049 1242 2124 scolis
1268 2060 1538 2123 commorantur
1562 2052 1771 2126 nullatenus

423 2179 619 2242 teneantur
651 2165 805 2239 residere
835 2163 1079 2238 discernentes
1109 2172 1149 2234 vt
1179 2172 1255 2236 tam
1290 2165 1443 2236 maiores
1472 2187 1580 2256 quam
1614 2167 1772 2238 minores

423 2281 586 2352 canonici
604 2287 643 2350 et
659 2279 820 2350 maxime
836 2279 874 2347 in
893 2277 1072 2372 dignitate
1090 2271 1276 2348 constituti
1301 2297 1365 2368 per
1382 2275 1560 2348 decanum
1577 2287 1616 2348 ct
1633 2279 1772 2372 capitu·

423 2390 499 2461 lum
526 2389 721 2463 secundum
748 2390 844 2480 quod
870 2386 976 2481 supra
1001 2382 1249 2480 scriptumest
1274 2396 1383 2480 prout
1408 2389 1523 2482 magis
1545 2389 1701 2460 viderint
1724 2392 1770 2464 ad

424 2502 620 2574 utilitatem
639 2495 788 2573 ecclesie
806 2501 978 2593 expedire
994 2499 1040 2572 ad
1058 2493 1291 2570 refidenciam
1307 2497 1598 2592 compellantur·

578 2738 581 2744 “
678 2723 737 2794 De
753 2723 871 2794 officio
887 2723 1127 2795 archidiaconi
1146 2735 1186 2794 et
1204 2724 1282 2794 eius
1298 2718 1495 2794 refidencia
1512 2763 1519 2778 ·

426 2947 475 3018 Et
492 2947 577 3040 quia
593 2948 638 3018 ad
656 2947 813 3018 officium
837 2945 1079 3018 archidiaconi
1099 2943 1236 3040 spectat
1262 2947 1485 3039 prouinciam
1511 2968 1576 3039 pro
1591 2949 1772 3043 corrigen-

424 3061 479 3132 dis
495 3055 696 3132 excessibus
722 3059 911 3130 circumire
938 3054 1130 3130 statuimus
1154 3059 1248 3150 quod
1267 3059 1312 3130 ad
1330 3057 1468 3130 nullam
1494 3068 1664 3131 teneatur
1688 3057 1772 3132 reli·

423 3173 588 3244 denciam
615 3168 837 3263 personalem
864 3166 931 3242 uili
957 3170 1031 3242 illis
1057 3170 1184 3241 diebus
1202 3171 1332 3261 quibus
1356 3171 1497 3242 ratione
1522 3169 1627 3263 officij
1654 3171 1706 3244 sui
1731 3174 1770 3242 in

424 3276 574 3354 ecclesia
599 3281 798 3352 cathedrali
816 3303 987 3353 unacum
1005 3277 1171 3375 episcopo
1190 3290 1339 3353 tenetur
1354 3278 1589 3375 personaliter
1605 3279 1770 3354 interesse

424 3404 462 3464 vt
481 3401 571 3486 puta
584 3393 620 3463 in
635 3393 754 3485 capite
769 3391 900 3485 Ieiunij
915 3402 953 3463 et
971 3393 1008 3463 in
1023 3393 1082 3464 die
1096 3393 1196 3465 Cene
1210 3417 1292 3464 cum
1307 3394 1497 3465 conficitur
1509 3391 1636 3466 crisma
1649 3395 1767 3466 oleum

423 3503 583 3577 seudum
601 3515 639 3576 et
657 3504 881 3574 infirmorum
901 3503 962 3575 seu
979 3505 1060 3598 alijs
1077 3505 1271 3576 maioribus
1288 3501 1387 3576 festis
1404 3507 1490 3577 anni
1508 3545 1516 3560 ·

814 3725 873 3797 De
890 3727 1006 3798 officio
1026 3729 1239 3800 vicariorum
1257 3728 1356 3798 chori
1374 3765 1382 3783 ·

426 3952 481 4024 Vt
515 3961 639 4022 autem
679 3950 847 4022 omnibus
885 3951 1154 4044 imperpetuum
1194 3951 1416 4044 temporibus
1449 3953 1487 4022 in
1522 3955 1772 4045 prenominata

424 4057 575 4135 ccclesia
600 4061 799 4133 cathedrali
824 4063 869 4132 ad
896 4061 1041 4134 laudem
1068 4063 1200 4136 Santte
1219 4062 1407 4135 Trinitatis
1424 4073 1462 4136 et
1484 4063 1591 4136 beate
1609 4063 1771 4160 Virginis

424 4173 545 4246 Mario
570 4182 609 4244 et
635 4173 734 4244 beati
761 4172 940 4266 Machorij
968 4174 1133 4246 diuinum
1162 4173 1352 4248 seruieium
1379 4185 1556 4270 augeatur
1580 4173 1772 4250 statuimus

107 4286 283 4348 §atesim
295 4279 393 4338 ¹³11er
424 4285 519 4378 quod
546 4282 683 4378 septem
707 4279 778 4358 srut
803 4282 1005 4356 sacerdotes
1026 4288 1147 4380 vicarij
1172 4289 1210 4358 in
1234 4285 1331 4360 dicta
1354 4284 1504 4360 ecclesia
1528 4285 1773 4362 ministrantes

424 4396 627 4488 dequibus
656 4396 748 4466 duos
774 4398 812 4466 in
843 4397 1006 4490 qualibet
1040 4399 1240 4471 ebdomada
1275 4399 1547 4472 ebdomadarios
1577 4400 1623 4473 ad
1656 4397 1773 4473 missas

424 4507 557 4584 cotidie
585 4529 668 4581 cum
693 4516 803 4580 cantu
831 4517 870 4582 et
895 4519 984 4584 nota
1009 4511 1180 4582 dicendas
1206 4505 1459 4582 constituimus
1485 4534 1557 4603 qua
1582 4512 1686 4584 finita
1712 4513 1774 4584 eb-
