4050 5534
232 660 334 756 xva]
701 653 1105 731 ABERDONENSE.
1497 663 1565 734 119

228 873 287 932 tur
303 870 342 934 et
359 861 575 934 claudantur
589 869 694 954 porte
711 859 757 930 de
771 857 850 931 sero
861 859 951 930 bora
965 825 1117 929 nonc'in
1135 854 1249 930 estate
1267 866 1305 929 et
1330 861 1417 931 hora
1440 857 1565 930 odonna

228 977 264 1045 iu
281 976 413 1068 hyeme
429 1015 438 1031 ·

229 1199 324 1272 Item
340 1200 437 1292 qnod
463 1199 508 1269 de
531 1206 652 1268 cetero
668 1219 741 1268 non
768 1195 933 1268 deserant
955 1196 1036 1269 laici
1062 1196 1192 1268 calices
1208 1203 1273 1268 ant
1289 1194 1485 1288 corporalia
1501 1219 1567 1289 per

228 1309 413 1384 eeclesiam
440 1321 504 1383 aut
533 1311 682 1382 chorum
707 1306 769 1380 ssd
794 1308 1003 1381 deserantur
1027 1333 1093 1403 per
1116 1307 1316 1382 sacerdotes
1334 1316 1373 1380 et
1397 1309 1467 1380 hoo
1490 1304 1570 1400 fine,

228 1425 390 1496 canonici
408 1419 481 1495 fine
498 1421 676 1516 capellani
689 1418 760 1493 sint
777 1421 993 1493 celebraturi
1011 1462 1020 1479 ·

227 1648 324 1720 Item
341 1647 438 1740 quod
456 1646 577 1718 nullus
594 1643 670 1718 fine
695 1646 846 1718 clericus
873 1643 946 1718 sine
971 1645 1084 1719 laicus
1101 1641 1177 1717 fine
1193 1646 1322 1719 habitu
1338 1648 1482 1718 decenti
1499 1657 1563 1719 aut

224 1757 355 1833 saltem
389 1757 638 1854 superpellicio
672 1759 821 1831 chorum
855 1759 1079 1854 ingrediatur
1117 1768 1281 1851 tempore
1315 1758 1565 1831 celebrationis

226 1871 470 1964 cuiuscunque
496 1870 583 1943 hore
607 1879 647 1943 et
672 1871 718 1942 ad
743 1869 911 1942 effessum
936 1865 1141 1964 premissum
1166 1867 1308 1942 sacrista
1332 1879 1396 1942 aut
1412 1871 1566 1943 bidellus

227 1981 382 2056 bostium
417 1982 629 2056 cancellarie
658 1977 835 2054 custodiat
858 1983 1042 2053 neminem
1069 1978 1143 2053 ssne
1172 1983 1300 2054 habitu
1327 1983 1462 2054 intrare
1488 2007 1566 2077 per-

228 2099 406 2170 mittens·

229 2321 324 2393 Item
342 2322 439 2414 qnod
457 2321 625 2413 deinceps
641 2318 848 2414 capellanus
861 2319 931 2411 qni·
939 2318 1146 2412 capitularis
1164 2319 1296 2391 dicitur
1311 2342 1384 2392 non
1402 2334 1569 2394 exerceat

228 2433 331 2504 sunm
348 2433 506 2505 officinm
531 2444 695 2527 tempore
721 2429 895 2524 paschalis
921 2439 986 2502 aut
1010 2431 1082 2502 alio
1104 2453 1318 2525 quocunque
1344 2443 1506 2527 tempore
1531 2435 1568 2506 in

229 2545 409 2638 aliquibus
439 2568 561 2618 curam
586 2547 787 2617 animarum
816 2544 1118 2615 concernentibus
1142 2552 1369 2638 preterquam
1400 2547 1437 2616 In
1465 2570 1568 2618 eano-

230 2660 320 2730 nicis
345 2660 487 2730 sicariis
520 2658 619 2729 ebori
652 2667 691 2729 et
725 2678 849 2728 eorum
874 2656 1061 2748 mancipiis
1089 2656 1267 2728 duntaxat
1297 2679 1363 2729 nec
1394 2655 1429 2729 se
1459 2659 1570 2731 intro-

230 2773 356 2843 mittat
379 2792 461 2843 cum
491 2770 570 2842 aliis
599 2766 756 2864 personis
782 2769 946 2861 quamuis
973 2768 1067 2838 forts
1096 2771 1191 2840 intra
1221 2772 1408 2841 canoniam
1433 2795 1568 2843 moram

232 2885 379 2956 trabant
396 2925 405 2940 ·

234 3108 330 3180 Item
347 3107 444 3201 quod
471 3104 792 3206 quotienscumque
819 3103 1004 3199 episcopus
1021 3104 1079 3176 vel
1105 3106 1297 3177 canonicus
1323 3105 1376 3178 est
1397 3119 1571 3182 executor

234 3220 338 3314 offieij
368 3220 459 3301 fiant
485 3230 640 3311 quatuor
656 3219 742 3290 tede
767 3217 946 3288 duntaxat
962 3239 1033 3308 que
1050 3216 1258 3288 deferantur
1274 3241 1339 3311 per
1356 3230 1510 3312 quatuor
1527 3225 1571 3294 dc

232 3329 294 3404 sex
319 3333 441 3426 pueris
470 3326 580 3402 tonsis
597 3329 654 3402 vel
680 3352 745 3423 per
761 3328 849 3401 alios
874 3337 1029 3422 quatuor
1045 3351 1174 3421 pueros
1200 3353 1273 3400 non
1290 3331 1410 3404 tonsos
1432 3334 1571 3426 prouiso

234 3456 357 3517 tamen
375 3444 471 3537 quod
487 3464 561 3513 non
578 3438 797 3513 misceantur
811 3443 914 3535 pueri
931 3437 1024 3512 tonsa
1042 3464 1125 3513 oum
1142 3465 1214 3512 non
1234 3441 1346 3515 tonsus
1365 3485 1373 3501 ·
1453 3485 1457 3496 ·
1577 3461 1579 3468 ’

235 3667 332 3741 Item
349 3669 447 3762 qnod
473 3661 572 3738 miffe
597 3664 797 3759 peculiares
827 3666 976 3738 fundate
1003 3688 1086 3736 eum
1116 3675 1225 3738 cantu
1256 3691 1328 3738 non
1358 3671 1574 3742 omittantur

234 3803 462 3874 quacumque
479 3802 525 3850 ex
543 3775 648 3850 causa
665 3779 756 3870 qniu
767 3778 857 3851 fiant
874 3801 957 3849 cum
974 3785 1085 3849 cantu
1102 3773 1169 3848 nifi
1186 3780 1224 3850 in
1242 3777 1339 3852 festis
1358 3779 1574 3854 Natiuitatis

233 3893 372 3965 domini
407 3890 608 3986 Epiphania
639 3889 740 3962 (lene
767 3891 903 3962 domini
930 3889 1035 3962 Faria
1060 3887 1161 3962 sexta
1187 3885 1400 3964 Parasceues
1428 3892 1574 3966 sabbato

235 4001 373 4076 Pascbe
406 4006 444 4076 in
470 4004 528 4073 die
559 4000 694 4074 Pasche
718 3998 937 4074 Affeusronis
964 4003 1100 4073 domini
1127 4002 1384 4077 Penthecostes
1410 4005 1576 4100 Corporis

235 4111 369 4189 Christi
386 4111 648 4208 AffumptionIs
665 4115 749 4185 dine
762 4113 926 4209 Virginis
943 4113 1192 4186 Dedicationis
1210 4113 1357 4189 ecolefie
1375 4127 1413 4188 et
1430 4119 1467 4188 in
1485 4117 1574 4191 festo

234 4230 306 4301 loci
324 4228 543 4323 contigerint
561 4267 569 4282 ·

235 4453 336 4525 Item
352 4453 470 4523 didus
486 4448 705 4522 reuerendus
726 4450 894 4522 dominns
910 4452 956 4522 de
973 4454 1157 4523 communi
1183 4449 1354 4560 consensu
1379 4463 1418 4526 et
1444 4451 1577 4529 assensu

235 4567 325 4638 dicti
350 4563 404 4636 sui
430 4563 579 4658 capituli
597 4573 638 4633 vt
666 4559 872 4657 premissum
902 4560 957 4635 est
983 4565 1190 4659 congregati
1220 4561 1346 4636 statuit
1373 4576 1411 4638 et
1438 4570 1579 4641 ordinat
