4050 5534
447 648 516 713 142
931 638 1239 713 REGISTRUM
1285 650 1293 670 ⁸
1638 643 1784 739 [sucum

447 842 544 913 Item
563 863 655 913 vnus
672 864 812 936 pannus
829 840 875 913 de
891 836 1005 913 Jhesu
1022 842 1069 912 de
1086 836 1200 913 arralI
1209 882 1218 897 ·

445 954 543 1026 Item
560 977 653 1027 unus
670 976 810 1049 pannus
828 954 873 1026 de
890 948 1003 1025 arrall
1017 952 1128 1025 fontia
1145 976 1304 1047 peronne
1322 993 1332 1009 ·

445 1066 543 1139 Item
561 1088 654 1138 vnns
670 1088 811 1161 pannus
827 1067 998 1159 antiquus
1016 1066 1062 1137 de
1079 1060 1192 1137 arraiI
1201 1087 1285 1137 eum
1303 1067 1419 1138 tribus
1435 1068 1687 1163 ymaginibus·

446 1179 545 1253 Item
572 1202 664 1251 runa
693 1176 809 1252 ledlus
838 1180 884 1251 de
916 1177 1049 1250 blodeo
1082 1179 1129 1250 de
1162 1176 1247 1271 liliJa
1281 1200 1328 1249 ex
1358 1179 1454 1249 dono
1487 1180 1625 1252 domini
1652 1179 1784 1254 I'horne

496 1291 685 1364 Edname·

447 1402 543 1476 Item
563 1426 655 1477 rnus
672 1426 813 1499 pannus
830 1404 1031 1496 adaquatus
1048 1402 1094 1474 de
1112 1402 1207 1473 dono
1224 1398 1383 1499 magistri
1408 1403 1610 1477 Alexandri
1626 1404 1733 1499 Trayl
1751 1417 1786 1479 et

498 1518 630 1591 dleitur
646 1517 683 1590 la
698 1511 825 1589 bestial
843 1556 852 1574 ·

448 1630 545 1703 Item
564 1652 654 1702 vnns
672 1652 812 1722 paunus
829 1630 875 1701 de
892 1622 1006 1701 arrall'
1015 1628 1062 1699 de
1078 1628 1173 1699 douo
1191 1628 1327 1699 domini
1345 1628 1483 1702 Thome
1501 1629 1629 1703 Sinart
1645 1634 1786 1703 comitis

497 1746 542 1816 de
560 1742 750 1837 Garvyaeh
767 1764 851 1813 eum
869 1742 1008 1813 duabus
1025 1740 1253 1835 ymaginibus
1270 1780 1279 1799 ·

448 1856 545 1929 Item
564 1857 635 1929 duo
653 1857 764 1951 panni
781 1856 827 1927 de
844 1854 1027 1927 attrebato
1044 1876 1109 1947 pro
1126 1850 1227 1924 sedili
1244 1855 1401 1925 cantoris
1417 1856 1456 1925 in
1473 1856 1604 1927 choro·

448 1970 544 2041 Item
556 1971 628 2039 duo
641 1968 751 2061 panni
761 1989 826 2061 pro
839 1966 1011 2038 cathedra
1021 1961 1177 2059 episeopi
1188 1988 1280 2037 vnua
1291 1967 1485 2039 deauratus
1494 1968 1586 2041 aliua
1598 1970 1644 2040 de
1653 1966 1785 2041 serico·

448 2083 545 2155 Item
563 2103 655 2153 rnna
672 2102 813 2173 pannus
830 2080 939 2150 liuius
956 2101 1021 2172 pro
1037 2078 1191 2173 genibus
1209 2116 1218 2135 ·

447 2194 544 2268 Item
562 2196 633 2265 tria
649 2192 785 2263 vexilla
801 2191 846 2263 de
863 2187 973 2262 serico
991 2190 1078 2263 data
1092 2214 1158 2284 per
1174 2189 1429 2263 Alexandrum
1446 2191 1651 2287 episcopum
1669 2234 1678 2251 ·

446 2307 543 2379 Item
562 2330 673 2377 vnum
691 2304 866 2377 vexillum
884 2305 1048 2397 pillum·

447 2420 543 2492 Item
562 2442 674 2490 vnum
691 2417 849 2511 balekyn
867 2418 911 2487 de
928 2415 1034 2487 rubio
1059 2416 1273 2488 deauratum
1291 2438 1374 2487 cum
1391 2419 1500 2488 armis
1516 2418 1652 2489 domIni
1677 2416 1792 2491 Alex·

497 2534 600 2605 andri
618 2527 772 2625 episcopi
787 2570 795 2588 ·

447 2643 545 2716 Item
563 2644 634 2715 due
652 2644 754 2737 pecie
772 2642 817 2713 de
836 2641 949 2713 viride
967 2642 1165 2713 deaurate·

447 2756 545 2829 Item
581 2756 747 2827 vndecim
774 2751 962 2826 seruiealia
986 2752 1033 2824 de
1058 2775 1178 2846 pauno
1204 2753 1377 2826 deaurata
1401 2778 1485 2826 eum
1509 2777 1582 2827 vno
1607 2779 1721 2852 paruo
1747 2760 1791 2829 de

498 2870 626 2941 eudem
644 2892 708 2963 pro
727 2867 912 2961 reliquiju·

449 2981 545 3055 Item
563 2978 626 3053 sex
643 2978 831 3054 seruiealia
847 2979 892 3051 de
909 2978 1012 3049 rubio
1026 2976 1190 3051 damasco
1204 2979 1290 3049 data
1304 3000 1371 3071 per
1386 2977 1574 3051 dominum
1588 2979 1793 3055 Henrienm

497 3092 703 3188 episcopum
722 3134 730 3152 ·

448 3206 545 3279 Item
559 3230 652 3279 vnua
661 3205 858 3280 mantellus
871 3227 935 3300 pro
949 3202 1071 3275 nostra
1083 3204 1229 3273 domina
1243 3202 1455 3275 borderatua
1467 3226 1551 3276 enm
1569 3204 1606 3299 ly
1619 3206 1767 3279 reluate
1785 3251 1793 3264 ·

453 3429 570 3528 [Item
589 3432 660 3503 duo
677 3426 863 3503 serniealia
880 3430 925 3501 de
942 3429 1049 3500 viridi
1073 3426 1188 3501 serico
1213 3428 1259 3499 ad
1284 3449 1458 3523 magnum
1484 3427 1599 3501 altare
1619 3429 1707 3503 data
1731 3454 1796 3523 per

498 3547 686 3616 dominum
702 3542 877 3616 Thomam
902 3538 1109 3635 episcopum
1135 3537 1460 3612 Abberdonensem
1477 3580 1486 3597 ·
1505 3539 1603 3613 Item
1621 3566 1687 3637 per
1704 3566 1795 3615 eun·

499 3658 582 3729 dem
601 3658 685 3729 date
703 3655 774 3727 due
791 3655 934 3727 curtiue
960 3655 1006 3724 de
1031 3654 1160 3725 eodem
1186 3650 1297 3723 serico
1322 3652 1367 3723 ad
1393 3662 1648 3725 ornamentum
1667 3657 1793 3751 magni

502 3769 650 3841 ultarIs·

449 3882 545 3955 Item
572 3882 648 3953 dati
674 3903 738 3975 per
761 3874 969 3974 magistrum
993 3876 1200 3949 Iohannem
1219 3876 1303 3948 Clat
1329 3877 1401 3947 duo
1426 3878 1538 3969 panni
1564 3878 1610 3949 de
1635 3900 1734 3949 errae
1750 3876 1796 3949 ad

498 3992 600 4067 usum
625 3986 798 4065 ecelesle·

450 4106 547 4180 Item
573 4132 620 4179 ex
650 4108 746 4177 dono
771 4102 987 4176 venerabilis
1005 4112 1045 4175 et
1062 4103 1199 4196 egregij
1217 4102 1283 4173 viti
1300 4095 1459 4195 magistri
1484 4098 1632 4172 Ricardi
1658 4100 1796 4174 Forbea

499 4224 625 4294 decani
650 4213 920 4291 Aberdonensis
945 4238 1010 4310 pro
1034 4214 1139 4287 altari
1166 4214 1265 4286 beati
1289 4212 1459 4305 Maurieij
1487 4214 1560 4285 trit
1577 4208 1797 4285 vestimenta

500 4334 682 4427 completa
699 4315 870 4402 'videlieet
888 4350 998 4400 vnum
1018 4328 1064 4398 de
1081 4328 1185 4420 nigro
1202 4323 1342 4397 vellens
1358 4345 1443 4395 cum
1468 4324 1638 4396 omnibus
1653 4328 1771 4419 pecija
1788 4366 1797 4383 ·

499 4445 596 4517 Item
611 4466 722 4515 vnnm
736 4444 781 4515 de
795 4441 916 4514 blanio
930 4438 1080 4511 worsat·
1096 4449 1134 4510 et
1151 4438 1302 4509 tertium
1316 4438 1362 4508 de
1376 4437 1491 4532 burgo
1508 4437 1695 4509 alexandri
1709 4461 1797 4511 eum

500 4557 591 4629 albis
614 4565 652 4628 et
676 4556 796 4627 amitis
822 4576 905 4625 eum
923 4553 1063 4624 duobus
1088 4548 1304 4623 frontalibus
1331 4572 1402 4621 vno
1428 4549 1599 4622 videlicet
1624 4550 1671 4622 de
1692 4552 1799 4646 nigro
