4050 5534
250 635 354 732 xrm]
714 637 1118 714 ABERDONIINSE.
1357 578 1361 584 ⁴
1543 648 1591 719 29

248 859 370 910 omnes
395 838 518 911 clerici
544 839 737 936 diligenter
761 838 798 912 se
820 837 1025 912 abstineant
1046 881 1055 896 ·
1081 841 1296 912 commercia
1317 837 1491 912 secularia
1514 863 1589 913 non
1707 855 1712 864 ·

247 959 440 1023 exerceant
461 953 619 1024 maxime
644 947 834 1024 inhonesta
850 992 860 1008 ·
878 947 1047 1024 tabernas
1072 953 1214 1024 enitent
1238 950 1380 1046 prorsus
1399 948 1466 1024 nisi
1483 951 1589 1026 causa

245 1057 462 1136 necessitatis
478 1064 572 1136 forte
589 1066 627 1135 in
643 1065 773 1136 itincre
795 1060 982 1138 constituti
999 1104 1008 1121 ·
1028 1086 1195 1135 coronam
1213 1073 1252 1135 et
1268 1062 1453 1137 tonsuram
1479 1065 1588 1138 babe-

245 1185 307 1246 ant
323 1185 594 1272 competentem
612 1218 621 1235 ·
639 1174 840 1250 sacerdotes
857 1177 1022 1248 deferant
1044 1198 1176 1270 cappas
1192 1173 1330 1248 clausas
1354 1171 1421 1248 nisr
1445 1173 1588 1251 iusticia

245 1290 381 1360 timoris
408 1291 563 1385 engerit
588 1290 753 1362 habitum
778 1297 921 1362 mutare
949 1286 1048 1384 [vel]
1075 1288 1324 1362 transformare
1341 1331 1350 1347 ·
1369 1292 1483 1362 ceteri
1500 1313 1585 1362 vero

245 1398 362 1473 clerici
380 1401 419 1472 in
431 1401 558 1473 habitu
571 1403 610 1473 in
621 1398 726 1497 gestu
743 1409 782 1474 et
799 1403 838 1472 in
855 1402 1022 1474 omnibus
1039 1398 1188 1472 honeste
1205 1399 1241 1475 se
1253 1402 1413 1475 habeant
1426 1442 1435 1459 ·
1449 1404 1496 1475 ab
1512 1402 1584 1474 illis

244 1508 278 1584 se
293 1510 454 1606 personis
470 1516 615 1607 penitus
628 1511 831 1586 abstineant
844 1535 914 1606 que
927 1516 966 1585 in
978 1513 1138 1610 generali
1156 1515 1309 1587 concilio
1326 1517 1582 1587 continentur·

243 1623 483 1698 sacerdotibus
500 1649 585 1698 vero
607 1628 777 1720 precipue
793 1634 833 1697 et
849 1623 1008 1720 personis
1028 1623 1094 1698 snb
1118 1627 1278 1720 periculo
1295 1627 1401 1720 officij
1419 1637 1458 1700 et
1474 1627 1585 1699 bene·

242 1737 311 1832 fieij
328 1735 486 1811 distridte
511 1741 726 1834 precipimus
743 1749 784 1809 vt
801 1739 1031 1811 continenter
1053 1747 1092 1810 et
1114 1735 1263 1810 honeste
1281 1741 1409 1811 riuant
1425 1779 1434 1796 ·
1453 1763 1585 1814 concu-

241 1851 341 1924 binas
366 1850 447 1925 suas
473 1853 597 1948 procul
625 1851 812 1948 expellant
828 1859 867 1924 et
883 1849 1023 1924 nullam
1048 1851 1334 1924 familiaritatem
1359 1874 1443 1924 cum
1466 1855 1519 1924 eis
1536 1854 1582 1926 de

240 1972 360 2034 cetero
389 1963 548 2037 habeant
580 1987 647 2038 nec
675 1965 714 2035 in
741 1964 907 2036 domibus
940 1964 1092 2058 proprijs
1120 1986 1189 2034 nec
1217 1963 1344 2035 alienis
1373 1961 1440 2034 nisr
1467 1964 1583 2037 velint

240 2075 362 2170 officijs
383 2087 422 2150 et
448 2077 631 2172 beneficijs
657 2085 783 2150 contra
806 2077 875 2149 hoc
900 2078 1041 2172 agendo
1065 2077 1200 2170 priuari
1217 2117 1226 2134 ·
1245 2077 1430 2148 aduocatis
1453 2075 1581 2150 veroli

240 2185 308 2261 fint
325 2190 447 2262 clerIci
463 2191 558 2262 infra
572 2187 689 2262 saeros
708 2186 889 2283 [ordines]
908 2188 967 2260 vel
983 2186 1184 2261 sacerdotes
1200 2189 1238 2260 in
1256 2189 1333 2260 foro
1351 2186 1498 2261 seculari
1515 2187 1581 2262 nisi

240 2303 398 2396 proprias
414 2299 535 2374 causas
554 2299 815 2396 persequantur
830 2301 889 2373 vel
904 2299 1163 2373 miserabilium
1179 2297 1411 2396 personarum
1430 2305 1583 2397 precipi-

240 2433 317 2487 mus
331 2425 371 2488 vt
391 2415 484 2511 [non
498 2412 534 2485 se
550 2410 774 2486 immisceant
791 2410 872 2506 sed]
892 2413 1016 2506 officijs
1032 2408 1279 2485 ecclesiasticis
1296 2413 1429 2485 diuinis
1446 2423 1485 2486 et
1501 2414 1581 2509 alijs

241 2525 339 2600 bonis
356 2525 485 2622 studijs
496 2525 533 2599 se
547 2537 740 2599 exerceant
757 2525 971 2621 diligenter·
985 2527 1150 2597 diuinum
1164 2548 1248 2597 vero
1265 2525 1423 2597 officium
1439 2530 1582 2600 nohtur-

241 2661 323 2711 num
346 2641 482 2736 pariter
497 2648 535 2712 et
553 2640 722 2712 diumnm
739 2649 916 2732 quantum
934 2637 1036 2710 Deus
1056 2639 1197 2710 dederit
1220 2634 1374 2710 studiose
1391 2647 1430 2710 et
1447 2641 1581 2714 deuote

240 2751 421 2824 celebrent
437 2794 447 2811 ·
465 2753 511 2824 ad
534 2753 601 2824 hec
618 2752 837 2847 precipimus
854 2761 895 2821 vt
911 2749 1074 2843 quelibet
1099 2745 1250 2822 eeclesia
1273 2750 1405 2822 habeat
1430 2753 1579 2826 calicem

239 2875 448 2960 argenteum
469 2888 552 2937 cum
570 2860 660 2936 vasis
678 2862 891 2936 decentibus
908 2873 947 2934 et
963 2860 1122 2936 honestis
1138 2861 1325 2934 sindonem
1349 2864 1523 2936 mundam
1540 2877 1579 2939 et

238 2978 425 3050 candidam
450 2975 698 3071 amplitudinis
722 2977 954 3070 congruentis
978 2975 1218 3047 lintheamina
1234 2983 1273 3045 et
1289 2963 1412 3046 omnia
1433 2974 1504 3048 alia
1523 3001 1579 3049 or·

236 3102 408 3163 numento
423 3113 494 3182 que
513 3089 559 3160 ad
576 3088 699 3161 altaris
723 3086 886 3182 speltant
910 3086 1068 3160 officium
1093 3085 1250 3158 habeant
1273 3089 1518 3180 competentia
1540 3099 1580 3161 et

236 3199 344 3273 libros
369 3202 416 3273 ad
441 3199 665 3295 psallendum
691 3201 850 3294 ydoneos
869 3209 909 3272 et
932 3198 1127 3295 legendum
1153 3207 1192 3270 et
1216 3193 1451 3271 sacerdotalia
1473 3200 1578 3274 indu-

234 3321 360 3385 menta
375 3311 588 3386 sufficientia
609 3314 745 3406 pariter
761 3321 800 3384 et
816 3309 967 3384 honesta
982 3349 991 3366 ·
1008 3319 1048 3382 et
1065 3311 1149 3403 quia
1174 3309 1282 3382 nimis
1306 3306 1499 3382 absurdum
1524 3310 1577 3386 est

234 3427 271 3496 in
297 3422 404 3498 sacris
429 3424 548 3498 sordes
573 3426 756 3521 negligere
781 3447 852 3518 que
882 3425 1101 3496 dedecerent
1130 3423 1169 3493 in
1197 3423 1390 3515 prophanis
1419 3421 1576 3498 distritte

234 3539 453 3631 precipimus
465 3539 562 3630 quod
575 3535 656 3610 vasa
671 3534 857 3631 ministerij
871 3545 910 3608 et
923 3532 1140 3607 vestimenta
1154 3531 1399 3606 ministrorum
1412 3545 1451 3607 et
1467 3537 1577 3630 pallia

234 3649 357 3722 altaris
378 3672 446 3722 nec
469 3673 542 3722 non
560 3661 598 3723 et
615 3646 691 3746 ipsa
706 3648 903 3744 corporalia
926 3648 1044 3720 nitida
1060 3655 1098 3719 et
1114 3647 1250 3718 munda
1267 3643 1513 3720 custodiantur
1528 3673 1575 3723 ne

234 3769 381 3857 propter
406 3763 628 3855 quorundam
655 3763 830 3834 incuriam
848 3760 907 3833 vel
923 3756 1221 3832 vestimentorum
1237 3750 1501 3852 turpitudinem
1517 3763 1575 3834 vel

234 3872 442 3948 sorditatem
459 3871 670 3968 quibusdam
685 3870 756 3946 srnt
772 3875 930 3946 horrori·
945 3872 1236 3965 Oemusquoque
1252 3868 1400 3964 pascalis
1412 3871 1576 3964 quolibet

234 4009 328 4059 anno
345 3986 392 4059 de
408 4009 505 4060 noua
521 4011 603 4060 cera
616 3988 680 4059 flat
692 3995 731 4059 et
744 3986 790 4058 de
804 4008 968 4078 ceraque
984 3985 1099 4057 subtus
1116 3985 1226 4056 suerit
1241 3980 1322 4077 post
1334 3982 1575 4058 Pentecosten

233 4101 278 4173 ad
296 4095 445 4172 ecclesie
462 4097 544 4172 rsus
561 4107 794 4172 conuertatur
810 4121 878 4170 nec
894 4099 979 4170 inde
996 4105 1209 4169 amoueatur
1226 4134 1233 4151 ·

490 4316 637 4396 LXIII.
663 4323 746 4408 Qus
762 4322 999 4416 relinquenda
1015 4318 1097 4393 sunt
1113 4315 1298 4392 successori
1315 4358 1323 4375 ·

236 4553 295 4626 Ad
311 4553 381 4626 hec
398 4547 497 4624 sacre
514 4547 639 4644 synodi
657 4547 915 4644 approbatione
931 4541 1123 4618 statuimus
1135 4544 1232 4638 quod
1249 4540 1276 4616 si
1293 4545 1410 4618 redeor
1425 4544 1576 4622 alicuius
