4050 5534
422 646 494 719 278
939 631 1246 710 REGISTRUM
1612 631 1764 728 [sucum

424 853 548 944 quiete
558 849 604 923 ab
621 850 719 921 omni
736 847 887 921 seruieio
904 859 943 920 et
956 847 1143 920 exustione
1158 889 1166 908 ·
1179 845 1383 920 Reddendo
1399 847 1484 920 iude
1496 847 1688 919 annuatim
1701 867 1765 915 no-

424 965 479 1035 bis
492 973 530 1062 et
542 957 796 1035 suoaefforibus
813 955 942 1032 nostris
955 961 1001 1032 de
1013 957 1120 1031 terris
1137 961 1397 1053 prenominatis
1414 959 1460 1032 ad
1484 959 1574 1032 duos
1590 961 1677 1032 anni
1694 967 1765 1029 ter-

424 1077 541 1146 minos
559 1071 695 1145 seilicet
711 1094 819 1144 ruam
831 1093 989 1144 marcam
1004 1071 1051 1143 ad
1068 1067 1199 1142 festum
1217 1069 1468 1144 Pentheoostis
1487 1079 1526 1144 et
1550 1093 1657 1144 snam
1674 1092 1765 1142 mar-

425 1210 504 1258 oam
518 1187 563 1258 nd
581 1181 712 1257 festum
735 1180 847 1257 sensi
865 1183 1020 1257 Martini
1045 1185 1084 1256 in
1110 1183 1262 1279 hyeme·
1281 1183 1422 1256 Datum
1438 1185 1535 1278 apud
1553 1183 1764 1257 Fethirnere

425 1301 463 1394 xj
481 1299 655 1371 kalendas
680 1293 866 1392 Februarij
884 1319 980 1370 anno
1003 1299 1121 1392 gratie
1138 1292 1328 1368 milleiimo
1354 1293 1601 1370 dueenteiimo
1625 1293 1766 1390 septus-

425 1406 559 1507 gesimo
573 1409 701 1483 sexto·
718 1407 884 1482 'festibus
902 1408 1064 1481 Heurieo
1089 1408 1136 1480 de
1154 1407 1280 1480 Chene
1296 1417 1510 1502 precentore
1534 1448 1543 1467 ·
1566 1408 1705 1480 Thomu
1720 1409 1765 1480 de

426 1523 592 1597 Bonnam
621 1533 712 1595 tuno
741 1521 957 1594 cancellario
987 1559 996 1578 ·
1023 1519 1186 1592 Roberto
1215 1517 1461 1596 thesaurario·
1479 1519 1643 1593 Galfn'do
1677 1530 1764 1592 tuno

426 1636 700 1709 archidiacono·
713 1633 880 1707 Gilberto
894 1633 940 1705 de
955 1631 1143 1726 Striuelyn
1153 1669 1161 1688 ·
1172 1627 1341 1728 magistro
1355 1630 1511 1705 Ricardo
1524 1631 1663 1728 Logate
1677 1632 1763 1704 -Ro

426 1750 530 1819 berto
547 1748 593 1819 de
609 1745 801 1843 Glasology
817 1783 826 1802 ·
845 1745 1012 1819 Gilberto
1030 1747 1166 1816 redtore
1184 1743 1230 1816 de
1246 1743 1349 1817 Olatt
1366 1755 1404 1816 et
1421 1744 1547 1818 multis
1562 1744 1667 1839 alijs·

429 2085 539 2157 Carta
555 2084 709 2156 Martini
725 2079 912 2154 Aurifabri
935 2077 1104 2152 Walters
1121 2080 1168 2154 de
1184 2078 1363 2155 Maleuile
1380 2076 1565 2154 oonceiia·

427 2285 621 2387 Omnibus
630 2303 765 2380 christi
776 2306 944 2380 fidelibus
957 2307 1023 2379 has
1033 2306 1157 2380 literas
1171 2299 1297 2376 visuris
1314 2303 1373 2376 vel
1389 2305 1566 2380 audituris
1582 2305 1766 2380 Martinus

426 2421 622 2497 Auriiaber
636 2416 823 2516 burgeniis
840 2419 886 2491 de
898 2416 1073 2492 Aberden
1090 2414 1245 2492 salutem
1261 2425 1425 2490 eternam
1437 2419 1475 2490 in
1496 2419 1643 2492 domino
1660 2460 1670 2478 ·
1688 2418 1766 2491 No-

425 2536 523 2608 uerit
550 2525 763 2604 vuiueriitas
789 2526 908 2604 vestri
937 2551 998 2604 me
1025 2523 1158 2604 doddo
1182 2523 1385 2602 oonoeffiiie
1411 2537 1450 2603 et
1475 2529 1544 2604 baa
1562 2539 1664 2605 oarte
1684 2553 1766 2605 mea

426 2637 648 2721 confirmatis
665 2640 836 2716 Waltsro
853 2643 899 2714 de
924 2639 1104 2716 Maleuile
1120 2635 1287 2739 burgonii
1312 2638 1359 2715 de
1380 2639 1556 2716 Aberden
1572 2641 1766 2716 annualem

426 2758 610 2834 redditum
626 2754 707 2829 otio
721 2777 925 2829 marearum
938 2755 984 2827 de
995 2775 1080 2827 mea
1096 2754 1239 2850 propria
1248 2748 1487 2846 adquisitione
1503 2761 1543 2828 et
1559 2777 1670 2850 quem
1687 2757 1766 2828 red·

427 2872 546 2944 ditum
563 2867 744 2964 legittime
756 2867 829 2939 emi
840 2866 1114 2962 percipiendum
1125 2865 1170 2940 de
1187 2866 1292 2940 terris
1310 2861 1515 2962 subscriptis
1531 2867 1705 2942 videlicet
1721 2867 1766 2941 de

425 2983 491 3056 illa
506 2982 684 3077 perticata
699 2987 798 3053 terre
813 3001 886 3074 que
902 2979 999 3052 iaoot
1014 2977 1055 3050 iu
1070 2979 1151 3051 vioo
1168 2978 1319 3050 nauium
1343 2978 1441 3051 inter
1456 2987 1592 3053 terram
1608 3003 1680 3074 que
1696 2980 1765 3052 fuit

427 3093 609 3191 quondam
626 3089 809 3166 Willelmi
826 3089 893 3186 filij
910 3089 1009 3163 Hali
1021 3112 1093 3185 que
1109 3087 1164 3164 est
1179 3111 1227 3163 ex
1243 3097 1347 3184 parte
1363 3089 1559 3184 aquilonali
1571 3100 1611 3165 et
1632 3099 1764 3166 terram

427 3231 499 3302 que
525 3207 597 3279 init
625 3201 785 3278 Simonis
814 3202 1072 3298 Pelliparque
1099 3199 1227 3278 estex
1259 3209 1364 3298 parte
1396 3203 1623 3278 meridionali
1657 3227 1765 3277 susm

426 3339 586 3392 maroam
614 3354 625 3374 ·
653 3325 694 3390 et
718 3315 767 3388 de
789 3313 863 3410 illis
890 3315 1007 3388 tribus
1036 3315 1223 3410 pertioatis
1246 3321 1344 3388 terre
1370 3308 1477 3388 fimul
1499 3315 1704 3391 insentibus
1728 3319 1764 3388 iu

427 3431 523 3506 diso
546 3429 627 3502 vieo
659 3429 757 3501 iuter
780 3435 916 3501 terram
942 3449 1052 3521 quam
1076 3425 1264 3500 Jobaunes
1287 3425 1410 3522 (inpar
1436 3435 1528 3502 tuno
1559 3431 1684 3502 tenuit
1721 3431 1765 3502 ad

426 3539 674 3616 feodoiirmam
686 3539 732 3613 de
748 3537 774 3612 J
776 3562 894 3613 oanne
910 3538 957 3611 de
973 3537 1108 3612 Smso
1125 3537 1234 3614 (llaro
1258 3559 1330 3632 que
1347 3535 1400 3612 est
1416 3559 1465 3612 ex
1479 3547 1583 3634 parte
1600 3541 1764 3616 orientali

427 3663 468 3728 et
482 3663 618 3728 terram
630 3673 738 3746 quem
755 3649 957 3725 Niobolaus
973 3649 1147 3724 Gamiiex
1157 3657 1249 3724 tuno
1261 3651 1384 3724 tenuit
1399 3649 1445 3722 ad
1461 3649 1709 3726 feodolirmam
1720 3655 1764 3726 de

427 3764 598 3840 fratribus
621 3761 741 3837 sande
772 3762 1039 3856 trinitatisque
1065 3758 1119 3835 est
1144 3785 1192 3836 ex
1215 3771 1320 3857 parte
1343 3761 1560 3837 oooidentali
1580 3766 1711 3862 viginti
1727 3775 1764 3838 et

427 3889 502 3952 tres
512 3876 645 3951 solidos
657 3915 666 3934 ·
677 3873 854 3950 videlieet
862 3874 907 3947 de
919 3873 985 3948 illa
995 3883 1095 3948 terra
1106 3895 1216 3969 quem
1229 3871 1443 3948 Willelmus
1452 3875 1499 3948 de
1511 3873 1665 3951 Buohan
1677 3885 1765 3951 tuno

426 3992 548 4064 tenuit
570 3987 635 4061 sex
658 3985 816 4062 solidos·
834 3985 1018 4061 etdeilla
1041 3995 1139 4061 terra
1163 4007 1272 4081 quam
1296 3984 1478 4082 predistus
1494 3985 1697 4065 Nioholaus
1720 3993 1765 4065 de

425 4127 486 4177 me
501 4113 592 4176 tuno
607 4101 730 4181 tenuit
745 4097 810 4173 sex
824 4095 957 4173 solidos
972 4139 983 4158 ·
1000 4108 1040 4173 ot
1057 4100 1104 4174 de
1120 4097 1185 4172 illa
1200 4107 1298 4172 terra
1314 4119 1386 4194 que
1404 4099 1511 4174 iaoet
1534 4103 1573 4175 in
1588 4100 1670 4176 viso
1694 4104 1766 4176 fur·

426 4237 550 4289 aarum
567 4235 676 4309 quam
691 4209 907 4306 Radulpbus
920 4209 1066 4284 Foddoo
1079 4211 1125 4286 de
1136 4233 1196 4284 me
1209 4211 1331 4284 tenuit
1347 4231 1456 4284 snam
1466 4233 1626 4288 maroam
1644 4255 1653 4274 ·
1670 4215 1765 4289 etde

425 4327 490 4400 illa
506 4335 603 4400 terra
626 4347 736 4419 quam
752 4323 904 4397 Colinus
920 4321 1040 4398 Sellar
1064 4323 1110 4397 de
1133 4345 1195 4398 me
1211 4323 1334 4400 tenuit
1350 4322 1438 4396 dum
1455 4325 1598 4399 viseret
1614 4328 1654 4399 in
1671 4327 1764 4401 diso

425 4439 506 4513 vioo
522 4441 619 4511 iuter
642 4445 777 4510 terram
801 4458 872 4531 qne
896 4435 968 4508 fuit
983 4435 1166 4530 quondam
1181 4433 1333 4508 Audree
1350 4435 1397 4508 de
1414 4434 1545 4531 Oultyr
1559 4460 1631 4532 que
1647 4435 1701 4511 est
1718 4463 1764 4514 ex

425 4559 528 4645 parte
543 4548 670 4623 boriali
686 4557 727 4624 et
742 4556 876 4624 terram
892 4569 964 4642 que
980 4547 1052 4621 luit
1071 4545 1222 4642 predidol
1240 4543 1425 4643 Radulphi
1442 4544 1591 4625 Foddoe
1615 4571 1686 4646 que
1709 4547 1763 4626 est
