4050 5534
435 609 484 676 34
955 595 1263 672 REGIsrnUM
1632 600 1786 696 [ancum

437 811 557 872 tentes
582 808 623 871 vt
649 795 845 892 prelbyteri
875 796 1111 890 parochianos
1136 794 1219 868 suos
1245 805 1411 891 tempore
1437 820 1597 894 congruo
1622 798 1668 869 ad
1694 797 1789 870 solu·

438 915 574 982 tionem
592 911 813 983 decimarum
830 915 869 980 et
886 909 1022 980 iurium
1038 909 1193 981 aliorum
1218 931 1284 1002 per
1305 906 1492 980 censuram
1513 905 1789 982 ecclefinsticarn

439 1025 553 1116 prima
570 1023 710 1093 ratione
726 1017 948 1112 compellant
966 1059 974 1076 ·

441 1244 647 1317 LXXVII.
673 1243 1024 1318 Excommunicandi
1049 1240 1134 1314 sunt
1158 1243 1222 1336 qni
1251 1241 1447 1336 prohibent
1475 1241 1558 1316 snos
1586 1266 1634 1316 ne
1663 1253 1788 1317 emant

442 1359 599 1430 decimas
616 1395 624 1412 ·

444 1579 538 1652 Item
557 1580 781 1672 quorundam
799 1578 917 1650 relatu
934 1577 1038 1650 nohis
1054 1577 1218 1649 innotuit
1234 1577 1332 1668 qnod
1348 1578 1495 1670 qnidam
1512 1578 1650 1650 domini
1666 1579 1789 1652 feodo·

445 1717 523 1764 rum
550 1693 713 1762 homines
737 1687 803 1762 sub
827 1687 864 1762 se
889 1697 1079 1761 manentes
1101 1711 1124 1760 a
1146 1688 1353 1760 rectoribus
1378 1685 1608 1762 ecclesiarum
1631 1690 1790 1763 decimas

445 1827 565 1875 emere
589 1825 662 1874 non
688 1803 903 1896 permittant
928 1823 1012 1872 cnm
1038 1821 1099 1870 aas
1124 1807 1290 1892 oporteat
1315 1800 1474 1872 vendere
1501 1800 1559 1872 vel
1583 1824 1719 1894 ponere
1743 1803 1788 1874 ad

444 1917 585 1987 firmam
603 1923 641 1985 et
664 1915 699 1985 in
719 1913 807 1984 locis
825 1907 1047 1984 filuestribus
1070 1911 1221 1982 remotIs
1246 1909 1367 2006 colligi
1392 1923 1576 2004 nequeant
1592 1911 1639 1984 ab
1655 1909 1789 1984 eisdem

445 2027 514 2099 hoc
531 2027 576 2098 de
594 2035 716 2098 cetero
740 2023 857 2096 modis
883 2023 1050 2094 omnibus
1066 2021 1142 2092 lieri
1168 2020 1400 2114 prohibemus
1417 2022 1654 2095 decernentes
1670 2032 1711 2094 vt
1727 2026 1789 2115 qui

445 2138 535 2211 talia
557 2131 800 2209 commiserint
822 2131 849 2206 li
867 2134 1079 2207 commoniti
1105 2155 1179 2203 non
1205 2128 1412 2206 destiterint
1435 2157 1458 2206 a
1479 2131 1551 2206 suis
1574 2131 1789 2228 preshyteris

445 2247 829 2322 excommunicationis
845 2242 1030 2318 sentencia
1046 2242 1291 2338 percellantur
1307 2284 1316 2301 ·

753 2464 981 2539 LXXVIII.
1009 2464 1068 2538 De
1085 2464 1205 2538 locato
1222 2476 1262 2538 et
1278 2465 1457 2539 conduco
1474 2505 1483 2522 ·

447 2697 542 2767 Item
561 2693 713 2764 firmiter
737 2689 968 2784 prohibemus
985 2711 1033 2761 ne
1050 2687 1096 2761 de
1112 2697 1236 2760 cetero
1253 2689 1298 2761 ad
1316 2688 1455 2760 firmam
1482 2684 1631 2762 ecclesre
1651 2692 1790 2762 conier-

445 2816 555 2880 antur
571 2799 637 2876 nisr
654 2803 700 2874 de
717 2801 940 2874 consciencia
957 2797 1113 2896 episcopi
1130 2810 1170 2873 et
1186 2799 1428 2873 archidiaconi
1443 2801 1510 2874 fiat
1526 2804 1727 2875 connencio
1742 2827 1790 2874 ex

445 2942 517 3012 qna
549 2917 703 3011 plurime
737 2914 844 2986 litere
878 2911 1150 2985 conscribantur
1177 2935 1331 3004 quarum
1360 2934 1432 2986 vna
1460 2923 1647 2986 remaneat
1678 2935 1790 3008 penes

446 3027 538 3124 Ipsos
556 3071 564 3088 ·
585 3027 682 3100 Item
700 3027 877 3098 firmarius
903 3020 1053 3097 ecclefie
1069 3046 1151 3095 eam
1166 3023 1227 3116 aiij
1245 3045 1320 3094 non
1345 3024 1467 3098 tradat
1483 3025 1530 3097 ad
1546 3025 1687 3096 firmam
1706 3049 1790 3098 cnm

446 3140 648 3236 negociatio
679 3137 835 3229 quedam
864 3137 1031 3206 videatur
1058 3132 1125 3206 sub
1153 3144 1309 3228 optenta
1339 3131 1508 3208 secularis
1541 3131 1723 3208 commodi
1751 3149 1790 3208 et

446 3251 648 3346 negociatio
665 3247 805 3320 clericis
822 3241 868 3318 fit
886 3249 1031 3339 penitus
1048 3246 1241 3318 interdicta
1258 3287 1267 3304 ·

540 3468 724 3544 LXXIX.
752 3468 859 3553 Quod
877 3469 1034 3541 rectores
1051 3469 1265 3541 ordInentur
1280 3478 1320 3542 et
1337 3465 1495 3542 semiant
1512 3466 1671 3564 ecclelijs
1689 3512 1697 3528 ·

447 3699 543 3770 Item
568 3692 804 3788 irrefragabili
831 3687 1090 3765 constitutione
1109 3690 1289 3766 sancImns
1313 3701 1354 3763 vt
1379 3694 1535 3764 rectores
1559 3689 1790 3766 ecelesiarum

445 3811 489 3882 ad
508 3810 642 3902 primos
655 3807 799 3876 ordines
813 3806 962 3875 veniant
975 3804 1164 3876 ordinandi
1180 3805 1234 3877 ita
1246 3805 1343 3896 quod
1355 3825 1465 3896 quam
1479 3804 1553 3876 cito
1566 3803 1643 3876 ficri
1655 3809 1791 3899 poterit

445 3919 635 3994 commode
660 3918 874 3988 ordinentur
899 3954 907 3973 ·
935 3913 1009 3998 Qui
1038 3915 1279 4009 parochialem
1309 3914 1423 3988 habet
1447 3911 1636 3990 eccleliam
1659 3919 1789 3990 amodo

445 4057 509 4127 per
533 4026 686 4122 seipsum
713 4026 766 4098 illi
792 4023 972 4098 deseruiat
989 4028 1029 4096 in
1046 4028 1172 4098 ordine
1189 4049 1297 4120 quem
1322 4021 1432 4120 Ipfius
1456 4025 1607 4100 ecclelia
1631 4051 1718 4101 cura
1736 4053 1792 4101 re·

445 4145 555 4237 quirit
572 4135 638 4212 nifi
655 4141 755 4233 prius
772 4140 809 4209 in
827 4139 955 4212 eadem
974 4138 1149 4210 vicarium
1171 4137 1341 4210 habuerit
1361 4140 1534 4210 canonice
1556 4137 1789 4212 institutum·

444 4257 517 4340 Qui
535 4274 620 4323 vero
637 4273 683 4322 ex
702 4245 965 4343 dll'pensatione
982 4247 1105 4342 plures
1122 4244 1290 4321 ecclelias
1306 4247 1475 4321 habuerit
1490 4251 1712 4343 parochiales
1729 4255 1791 4324 vni

444 4385 568 4437 earum
590 4358 767 4432 desentiat
793 4361 942 4454 ydoneis
968 4367 1006 4432 et
1032 4361 1217 4454 perpetuis
1234 4360 1376 4454 vicarijs
1397 4362 1436 4431 in
1453 4361 1533 4454 alijs
1558 4359 1789 4436 constitutis·

444 4476 494 4547 Et
519 4475 581 4567 qui
607 4495 675 4544 nec
700 4472 873 4544 vicariurn
900 4470 1069 4543 habuerit
1097 4494 1166 4544 nec
1192 4467 1348 4544 relidere
1368 4469 1527 4545 voluerit
1552 4474 1616 4546 illa
1640 4472 1677 4547 se
1701 4474 1789 4549 sciat
1891 4527 1894 4532 -
