4050 5534
248 655 333 750 xu]
723 651 1128 725 ABERDONENSE.
1555 668 1600 738 73

247 965 305 1037 De
321 989 417 1060 pena
435 990 508 1037 non
525 962 760 1038 residentium
779 976 818 1037 et
835 966 881 1036 de
898 966 1006 1036 modo
1025 965 1179 1036 faciendi
1197 963 1427 1041 residentiam
1446 979 1484 1042 et
1501 971 1598 1043 horis

286 1074 518 1150 interessendi
536 1087 576 1149 et
593 1079 770 1149 varietate
785 1076 978 1148 habituum
995 1077 1101 1148 iuxta
1119 1079 1292 1172 temporis
1310 1081 1532 1176 exigentiam
1551 1121 1559 1138 ·

247 1300 344 1373 ltem
361 1302 459 1394 qnod
477 1299 654 1372 statutum
680 1297 734 1372 est
760 1300 806 1372 de
830 1299 983 1394 septima
1002 1323 1077 1371 nou
1103 1297 1339 1374 residentium
1357 1297 1462 1376 simili
1489 1307 1596 1377 modo

246 1422 444 1484 renovetur
468 1435 551 1484 cum
582 1416 787 1484 iuramento
812 1422 850 1484 et
876 1412 973 1504 quod
998 1408 1147 1506 lingulis
1174 1415 1279 1484 annis
1304 1413 1508 1487 declaretur
1533 1440 1598 1511 per

246 1525 449 1617 capitulum
466 1527 547 1617 quis
564 1520 733 1596 censetur
757 1519 916 1595 residens
934 1534 972 1595 et
989 1525 1070 1615 quis
1086 1547 1160 1594 non
1178 1534 1216 1596 et
1233 1548 1328 1618 pena
1345 1525 1525 1599 limitetur
1550 1531 1595 1602 ad

246 1636 419 1708 fabricam
436 1633 586 1708 ecclesie
604 1634 714 1728 vsque
732 1636 777 1707 ad
795 1634 986 1728 septimam
1005 1635 1051 1706 ad
1068 1636 1190 1706 minus
1207 1676 1215 1692 ·

246 1748 344 1820 Item
372 1744 550 1820 statutum
567 1743 621 1819 est
638 1748 735 1840 quod
753 1748 913 1818 decanus
938 1755 1066 1819 cantor
1091 1746 1328 1819 cancellarius
1354 1749 1594 1823 thesaurarius

246 1862 351 1932 iuxta
375 1871 415 1931 et
439 1857 637 1931 secundum
667 1859 818 1951 antiqua
844 1853 981 1929 statuta
1005 1854 1185 1930 resideant
1211 1869 1249 1930 et
1274 1861 1404 1953 reliqui
1430 1867 1593 1936 canonici

247 1967 482 2043 consimiliter
497 1980 605 2064 prout
622 1971 659 2040 in
677 1970 835 2062 antiquis
852 1967 999 2042 statutis
1017 1979 1165 2042 cavetur
1182 1966 1287 2042 simul
1306 1972 1364 2043 vel
1386 1975 1595 2069 interpolla-

246 2085 313 2153 tim
339 2084 394 2156 ita
419 2084 515 2176 quod
540 2105 606 2176 per
630 2079 713 2155 ooo
738 2082 815 2152 dies
840 2081 885 2153 ad
911 2083 1032 2153 minus
1058 2077 1162 2153 simul
1189 2077 1343 2155 resideat
1369 2095 1408 2155 et
1436 2081 1484 2158 fic
1510 2111 1594 2160 con·

246 2193 464 2286 sequenter·

247 2305 298 2378 Et
314 2307 412 2400 quod
430 2305 584 2398 quilibet
609 2307 804 2378 canonicus
827 2313 992 2398 tempore
1017 2306 1188 2377 introitus
1214 2302 1267 2377 sui
1293 2307 1338 2378 ad
1364 2301 1593 2380 residentiam

246 2426 418 2490 teneatur
433 2416 471 2488 se
488 2414 693 2510 presentare
711 2416 848 2488 decano
865 2415 925 2486 uel
943 2418 1069 2487 maiori
1095 2419 1269 2490 canonico
1290 2414 1460 2490 residenti
1476 2421 1513 2490 in
1531 2418 1594 2492 sua

246 2527 410 2604 absentia
422 2531 480 2602 vel
498 2530 722 2622 procuratori
739 2526 900 2623 generali
917 2527 1068 2620 capituli
1082 2525 1108 2600 11
1122 2531 1202 2620 quis
1219 2529 1330 2602 suerit
1347 2553 1412 2624 pro
1428 2538 1593 2626 tempore

246 2638 465 2714 constitutus
482 2682 490 2698 ·
509 2648 548 2712 et
565 2643 604 2712 in
621 2642 680 2711 die
697 2638 749 2711 sui
772 2641 945 2710 introitus
970 2663 1104 2711 nomen
1122 2636 1225 2711 suum
1243 2642 1280 2712 in
1299 2641 1391 2712 libro
1409 2647 1592 2717 communi

245 2755 415 2825 manibus
438 2753 589 2846 propriis
606 2749 666 2822 sen
684 2748 737 2822 sui
762 2753 1004 2845 procuratoris
1029 2748 1183 2823 scribere
1209 2761 1356 2825 tenetur
1373 2749 1538 2829 similiter
1555 2766 1593 2828 et

245 2867 284 2935 in
300 2866 361 2937 die
378 2863 431 2935 sni
454 2861 607 2936 recessus
631 2861 785 2935 scribere
811 2863 922 2935 debet
939 2899 948 2918 ·
965 2856 1036 2955 que
1061 2860 1193 2956 scripta
1218 2862 1393 2936 sufficient
1411 2867 1457 2936 ad
1476 2863 1593 2940 osten-

245 2973 381 3048 fionem
411 2976 472 3048 lire
503 2971 700 3047 relidencie
725 2998 793 3047 nec
819 2973 939 3066 aliqua
964 2973 1036 3046 alia
1061 2975 1227 3068 probatio
1256 2971 1366 3069 ipsius
1395 2972 1593 3050 residencie

245 3088 496 3159 admittetur·
525 3086 576 3157 Et
606 3088 703 3178 qnod
734 3087 882 3178 incipiat
912 3082 1011 3157 suam
1043 3081 1273 3157 residentiam
1300 3088 1338 3158 in
1364 3083 1455 3158 festo
1482 3086 1591 3162 111811

245 3197 441 3273 Michaelis
465 3209 574 3293 prout
591 3195 767 3270 statutum
791 3194 845 3268 est
862 3199 899 3266 in
918 3198 1076 3289 antiquis
1100 3198 1224 3290 etqui
1250 3220 1323 3268 non
1350 3205 1591 3293 comparuerit

243 3313 281 3382 in
299 3313 397 3382 dibto
414 3307 504 3382 festo
528 3333 594 3402 pro
618 3308 683 3380 illo
708 3331 804 3380 enno
829 3330 901 3380 non
929 3305 1135 3379 censebitur
1159 3304 1313 3380 residere
1339 3334 1407 3382 nec
1431 3313 1475 3383 ad
1494 3335 1592 3384 com-

244 3447 395 3495 munem
415 3423 513 3494 illius
529 3424 614 3493 anni
636 3421 852 3492 admittetur
869 3459 877 3476 ·
896 3428 935 3491 et
952 3428 1080 3491 contra
1092 3420 1173 3500 ,hoc
1198 3417 1376 3492 statutum
1402 3423 1502 3493 11111
1527 3426 1591 3496 fiet

244 3532 461 3630 dispensatio
479 3574 487 3591 ·
507 3533 557 3604 Et
574 3533 670 3625 quod
688 3531 842 3623 quilibet
858 3533 1054 3603 canonicus
1072 3542 1236 3624 tempore
1253 3529 1315 3605 sue
1333 3529 1529 3607 relidencie
1547 3533 1591 3607 srt

245 3643 394 3742 lingulis
421 3645 607 3718 ferialibus
634 3643 761 3714 diebus
791 3646 829 3713 in
856 3666 925 3715 vna
953 3643 1043 3715 bora
1067 3643 1112 3714 ad
1138 3644 1258 3713 minus
1284 3683 1293 3700 ·
1321 3643 1358 3713 in
1387 3644 1591 3738 duplicibus

243 3768 370 3832 autem
386 3754 486 3830 iestis
508 3756 636 3828 dnabis
657 3756 755 3827 horis
772 3751 817 3825 srt
842 3757 880 3826 in
898 3755 1008 3826 choro
1026 3756 1063 3823 in
1082 3753 1208 3824 babitu
1227 3754 1372 3826 decenti
1398 3753 1535 3828 scilicet
1553 3759 1590 3830 in

243 3869 495 3964 superpellicio
516 3877 555 3940 et
580 3864 729 3940 almulio
756 3877 920 3959 tempore
946 3887 1017 3957 quo
1039 3861 1228 3936 elmusrum
1255 3874 1423 3957 portetur
1448 3869 1484 3938 in
1512 3867 1591 3940 aliis

243 4005 330 4053 vero
355 3980 582 4074 temporibus
606 3980 644 4050 in
668 3978 799 4070 quibus
824 3972 984 4048 almusris
1009 3999 1082 4047 non
1102 3984 1256 4046 utuntur
1271 3978 1309 4046 in
1328 3999 1441 4070 cappa
1462 3980 1590 4074 nigre·

243 4093 295 4166 Et
312 4095 409 4187 qnod
427 4091 551 4165 nullus
567 4092 821 4164 canonicorum
847 4088 1076 4183 intelligatur
1092 4083 1247 4158 resldere
1264 4082 1330 4157 1111
1348 4085 1514 4181 premissa
1531 4093 1594 4162 ob·

243 4205 364 4278 seruat
382 4247 390 4262 ·
409 4215 448 4277 et
467 4201 632 4274 similiter
656 4205 753 4274 intra
779 4202 968 4273 canoniam
995 4199 1171 4292 prandeat
1190 4206 1228 4268 et
1247 4198 1403 4272 dormiat
1428 4211 1593 4293 ternpore

243 4317 306 4390 sue
331 4314 530 4389 relidencie
554 4310 601 4386 src
625 4316 779 4386 durante
797 4353 806 4370 ·
827 4311 902 4384 Sed
926 4319 1105 4404 quantum
1131 4310 1177 4381 ad
1204 4311 1395 4382 canonicos
1421 4314 1594 4386 continue

242 4427 443 4502 residentes
460 4426 630 4498 nolumus
646 4427 701 4497 ita
717 4423 837 4496 strit'te
855 4422 1006 4495 extendi
1026 4461 1034 4478 ·
1216 4433 1219 4440 '

297 4671 379 4723 vot.
399 4672 440 4721 11.
915 4666 941 4714 K
