4050 5534
717 651 1121 728 ABERDONENSE.
1507 662 1577 732 249

343 887 349 899 ·
407 916 418 949 ,
522 857 700 931 secundus
716 852 940 928 Guillermue
964 849 1181 946 Elphinston
1205 853 1430 925 decretomm
1457 854 1580 927 dostor

396 1037 417 1086 ι
523 969 715 1043 Scotorum
732 967 827 1061 regie
850 959 1059 1038 inclitissimi
1078 960 1182 1061 sigilli
1199 966 1332 1060 priuati
1357 965 1475 1039 custos
1493 1007 1502 1026 ·
1518 967 1579 1039 hie

132 1098 136 1108 ’
238 1078 268 1127 ’·
342 1132 348 1145 .
513 1083 581 1154 eric
605 1079 727 1174 oppidi
752 1070 1021 1149 Aberdonensre
1044 1079 1181 1170 primns
1207 1073 1365 1149 instituit
1381 1101 1424 1150 ec
1439 1074 1578 1176 insigne

393 1179 403 1192 ’
520 1191 710 1290 gistrorum
735 1199 775 1263 et
798 1186 988 1261 scolarium
1015 1189 1054 1259 in
1081 1190 1209 1262 eodem
1235 1191 1353 1261 erexit
1377 1188 1578 1264 constmxit

524 1307 642 1379 otenit
667 1342 676 1361 ·
704 1300 897 1395 Templum
925 1300 995 1371 hoc
1022 1299 1299 1372 celeberrimum
1329 1323 1413 1373 cnm
1443 1305 1577 1376 mniore

523 1418 645 1492 eodem
662 1415 809 1490 condito
827 1411 1022 1484 luminibus
1038 1411 1217 1507 plumbeis
1243 1414 1339 1484 texit
1355 1413 1576 1508 maioresque

524 1531 602 1602 uxit
620 1538 659 1601 et
674 1527 779 1622 ponti
795 1526 842 1597 de
864 1523 945 1596 Dee
968 1523 1147 1598 nonnullo
1161 1525 1267 1598 initio
1283 1525 1385 1598 dedit
1403 1565 1412 1584 ·
1429 1527 1577 1600 tandem

524 1667 552 1715 re
580 1632 816 1736 nonagesimo
838 1646 966 1729 quarto
992 1637 1102 1708 etctis
1127 1636 1191 1709 sue
1222 1659 1318 1709 enno
1344 1660 1420 1710 xxv
1449 1635 1578 1712 mensis

532 1763 609 1827 eret
642 1769 758 1826 ennne
789 1747 967 1822 secundus
999 1746 1187 1820 conflictus
1211 1749 1257 1820 de
1284 1745 1446 1822 Fioudon
1482 1773 1578 1822 enno

530 1890 584 1939 rm
608 1865 755 1936 domino
778 1859 945 1956 precibus
970 1860 1248 1932 commendabat
1273 1863 1371 1932 etin
1397 1863 1491 1934 dicto
1516 1861 1577 1935 suo

533 2001 575 2050 ue
591 1975 804 2072 magnifice·

403 2158 411 2196 Ι
537 2093 651 2163 ertine
666 2086 880 2160 Alexander
894 2083 1045 2158 Gordon
1072 2083 1311 2158 Moreuiensis
1327 2083 1478 2159 ecclesie
1492 2109 1578 2159 oeu-

531 2228 551 2275 o
566 2203 592 2275 J
593 2203 670 2295 unij
685 2219 781 2274 enno
797 2191 973 2269 milesrmo
988 2194 1275 2295 quingentesimo
1293 2201 1434 2272 decimo
1450 2200 1579 2273 octauo

551 2317 627 2387 vito
651 2305 826 2385 deceffit·

533 2435 679 2521 quartus
711 2423 933 2496 reuerendus
964 2423 1005 2493 in
1033 2421 1176 2497 Christo
1204 2433 1309 2519 peter
1335 2449 1377 2496 cc
1411 2425 1579 2497 dominns
1720 2407 1734 2421 ⁵

534 2564 587 2614 rer
604 2538 729 2612 smui
745 2536 895 2608 Andree
912 2533 1001 2608 elice
1018 2537 1289 2609 archidiaconus
1305 2535 1512 2630 principalis
1537 2559 1579 2609 oc

534 2647 652 2725 mlesie
667 2650 826 2722 decenus
841 2641 1217 2742 sereniffimommque
1232 2649 1433 2742 principum
1451 2646 1476 2719 J
1477 2648 1578 2720 ocobi

533 2766 587 2837 nti
620 2759 932 2857 impresentiarum
970 2759 1125 2833 feliciter
1162 2761 1348 2856 regnantis
1386 2759 1577 2834 Scotorum

533 2898 629 2950 >rum
657 2885 697 2948 et
722 2869 872 2969 regestri
900 2872 1052 2945 clericus
1075 2880 1113 2943 et
1142 2873 1394 2966 integerrimus
1421 2867 1582 2945 consilia·

546 2984 733 3085 epistolnre
757 2988 804 3059 ud
827 2985 935 3056 huius
960 2980 1111 3056 ecclefie
1137 2982 1435 3056 consuetudinem
1461 2995 1500 3055 et
1522 2985 1581 3058 dei

534 3111 566 3174 et
581 3101 700 3173 ornnri
724 3098 812 3172 fecit
829 3095 1043 3190 Antwerpie
1067 3119 1162 3168 enno
1180 3097 1330 3191 virginei
1355 3107 1480 3191 portus
1504 3094 1582 3192 sep-

535 3235 581 3285 no
605 3209 721 3306 sesqui
744 3205 921 3282 milesimo
939 3247 948 3267 ·
967 3207 1041 3281 Hic
1067 3218 1167 3282 trono
1190 3205 1270 3280 Dee
1286 3208 1440 3280 fluuium
1456 3210 1582 3306 ingen-

536 3321 679 3397 <inciso
696 3322 816 3417 lepide
831 3322 970 3416 optimo
985 3319 1138 3394 artifieio
1163 3319 1352 3414 septennio
1375 3320 1579 3393 edificonit·

536 3436 644 3532 empli
670 3442 875 3509 toreumata
898 3431 961 3506 sen
981 3433 1101 3505 celum
1129 3430 1245 3528 ipsum
1268 3455 1376 3526 opere
1401 3431 1581 3506 exescioto

537 3551 740 3644 principum
756 3540 918 3642 insignijc
943 3545 1107 3619 fabricari
1124 3546 1211 3619 fecit
1227 3554 1266 3617 et
1282 3545 1430 3640 picturis
1453 3545 1582 3618 decen·

433 3646 441 3682 ⁸
536 3665 589 3736 uit
605 3701 616 3721 ·
633 3659 760 3754 Atque
776 3658 824 3730 ob
847 3656 919 3730 Dei
943 3657 1204 3752 omnipotentis
1227 3657 1406 3729 honorem·
1427 3667 1466 3727 et
1488 3659 1582 3730 inte-

385 3816 389 3827 ·
538 3773 682 3850 rMurie
693 3770 844 3869 glorium
861 3778 901 3842 et
916 3769 1023 3841 huius
1036 3768 1165 3865 templi
1177 3767 1580 3843 celeberrimidecorem

538 3888 635 3960 neria
650 3883 746 3958 vitro
762 3878 934 3958 conceffit
949 3890 989 3954 et
1005 3880 1221 3954 delibemuit
1239 3923 1248 3940 ·

387 4057 393 4068 .
538 4021 615 4072 cem
631 4017 679 4069 ex
696 4018 783 4069 euro
798 3988 981 4090 puriffimo
997 3993 1166 4087 ponderis
1182 3992 1403 4088 meierum[
1539 3991 1580 4086 ]·

538 4136 569 4184 n
584 4109 735 4184 calicem
750 4115 964 4204 argenteum
980 4105 1194 4178 deauratum
1210 4105 1378 4199 ponderis
1397 4104 1415 4201 [
1541 4103 1580 4200 ]·

106 4213 225 4358 §1-
307 4259 324 4306 ι
542 4244 740 4319 rmcgnnm
756 4227 964 4317 argenteum
981 4239 1065 4291 cum
1081 4217 1174 4311 pede
1190 4216 1229 4289 in
1246 4225 1349 4310 perte
1373 4218 1581 4290 deauratum

87 4277 439 4488 &35:52
540 4357 702 4409 orcarum
718 4335 768 4429 vij
783 4332 971 4407 meierum
986 4331 1047 4424 xvj
1065 4325 1338 4422 osterlingomm
1355 4369 1363 4386 ·

253 4453 344 4554 χ
371 4429 450 4551 ’ᾖ
541 4469 723 4521 corucem
739 4443 957 4541 pectoralem
970 4449 1181 4540 argenteam
1194 4439 1401 4514 decuretem
1416 4441 1583 4535 ponderis

348 4527 449 4671 ,χ
543 4561 631 4656 nxij
648 4555 947 4656 esterlingomm·
