4050 5534
271 679 356 775 xa]
741 677 1146 756 sennoonunss.
1344 707 1348 716 ·
1536 691 1608 762 soa

266 880 364 952 iendi
390 889 430 952 et
455 879 516 975 alij
541 879 698 974 officiarij
728 904 793 975 pro
817 881 1079 976 gubernatione
1106 884 1301 956 earundem
1331 881 1511 980 nocellarij
1535 921 1543 938 ·
1568 898 1606 960 et

266 993 495 1064 concedimus
513 993 608 1064 dido
633 994 832 1066 reuereudo
856 995 951 1086 patri
967 991 1108 1088 suisque
1128 991 1382 1072 suecessoribus
1398 997 1606 1072 Abbirdon-

265 1099 409 1176 enfibus
438 1103 611 1200 episeopis
639 1105 838 1198 plenariam
864 1101 1082 1198 potestatem
1113 1117 1151 1180 et
1179 1107 1387 1181 libertatem
1417 1113 1605 1184 annuatim

161 1300 164 1309 ¹
264 1216 465 1309 predittnm
480 1211 701 1312 prepositum
719 1217 872 1288 balliuos
895 1216 1077 1290 seriaudos
1095 1229 1133 1291 et
1159 1219 1248 1292 alios
1273 1221 1458 1294 officiarios
1483 1222 1604 1296 neces-

263 1325 372 1401 sarios
400 1328 558 1423 eligendi
582 1324 823 1402 eonstitnendi
840 1339 879 1402 et
904 1331 1092 1404 ordinandi
1122 1355 1163 1403 aa
1188 1330 1281 1425 ipsos
1298 1334 1336 1406 in
1353 1349 1393 1405 et
1409 1336 1456 1407 ab
1477 1357 1603 1408 eorum

263 1441 389 1534 officijs
411 1443 578 1533 quotiens
603 1442 800 1536 expediens
822 1442 1005 1515 ridebitur
1029 1443 1236 1539 imponendi
1254 1454 1293 1517 et
1309 1449 1519 1520 remouendi
1537 1490 1545 1506 ·
1565 1461 1604 1522 et

263 1555 360 1647 quod
376 1555 534 1626 babeant
551 1563 704 1626 teneant
725 1561 764 1626 et
780 1551 981 1648 possideant
998 1578 1141 1628 erucem
1165 1566 1205 1628 et
1221 1557 1339 1628 forum
1364 1559 1402 1628 in
1420 1560 1548 1632 eodem
1565 1573 1604 1634 et

264 1667 360 1738 diem
377 1667 444 1738 sori
461 1661 609 1761 singulis
620 1665 828 1738 ebdomadis
845 1669 883 1738 iu
901 1667 960 1738 dis
981 1667 1067 1740 lune
1081 1707 1088 1724 ·
1103 1677 1142 1740 et
1158 1670 1339 1742 nundinas
1355 1670 1518 1763 publicas
1536 1671 1604 1746 lin-

262 1778 357 1872 golis
386 1779 490 1851 anuis
511 1779 782 1874 imperpetuum
805 1801 913 1851 ruam
940 1780 1112 1853 videlicet
1140 1783 1177 1853 in
1208 1781 1310 1854 Cena
1338 1780 1487 1856 Domini
1518 1796 1603 1858 ante

264 1889 400 1964 Pasoba
429 1891 611 1986 vulgaliter
638 1901 856 1984 nuncupata
889 1888 1191 1987 Skeyrthurisday
1213 1893 1321 1966 allam
1352 1913 1437 1967 vero
1471 1899 1510 1969 in
1543 1901 1603 1972 die

262 2002 373 2076 saner
400 2003 501 2075 Lnee
527 1999 749 2098 euangeliste
775 2012 814 2075 et
842 2025 908 2097 per
931 2005 1076 2077 ottauas
1105 2007 1301 2079 eorundem
1327 2031 1411 2080 eum
1436 2012 1603 2083 omuibus

261 2116 439 2188 theloneis
473 2114 702 2188 libertatibus
735 2126 774 2188 et
807 2114 1005 2211 priuilegijs
1038 2117 1083 2188 ad
1119 2116 1321 2191 huiusmodi
1350 2123 1529 2196 nundinas
1563 2136 1601 2197 et

261 2227 417 2302 liberum
451 2229 605 2324 burgum
638 2231 676 2300 in
711 2229 860 2301 baronia
888 2242 928 2301 et
962 2230 1006 2302 ad
1034 2231 1222 2302 ciuitatem
1257 2241 1296 2303 et
1330 2230 1602 2308 uniuersitatem

262 2340 503 2436 speduutibus
515 2339 578 2412 seu
590 2337 683 2412 iuste
695 2338 853 2434 spedtare
867 2341 1072 2416 valentibus
1090 2343 1360 2433 quomodolibet
1376 2346 1601 2422 infuturum·

260 2478 303 2527 ao
319 2455 431 2526 etiarn
445 2453 609 2526 dedimus
626 2462 666 2524 et
683 2449 916 2525 conaeffimus
933 2477 975 2526 ae
992 2451 1149 2546 presenti
1167 2463 1267 2528 carta
1283 2453 1403 2530 nostra
1419 2459 1547 2536 damus
1564 2471 1602 2534 et

262 2567 493 2639 eoneedimus
509 2565 671 2658 predidto
691 2565 891 2636 renereudo
907 2567 1002 2660 patri
1020 2563 1161 2659 suisque
1177 2565 1431 2643 suecessoribus
1448 2597 1489 2645 ao
1506 2579 1603 2669 eapi-

263 2678 341 2750 tulo
357 2679 538 2750 canonisis
554 2677 749 2771 capellanis
766 2686 805 2748 et
821 2673 1011 2770 suppositis
1028 2675 1176 2751 ecclesie
1202 2681 1416 2754 cathedralis
1442 2685 1601 2760 ciuitatis

262 2802 300 2864 et
316 2785 559 2864 uniuersitatis
576 2789 738 2884 preditis
754 2812 852 2860 nune
868 2787 1093 2883 presentibus
1111 2801 1149 2862 et
1166 2793 1297 2863 suturis
1314 2793 1513 2886 plenarium
1531 2803 1601 2893 pri-

263 2903 435 3000 uilegium
447 2901 654 2974 libertatem
666 2911 704 2973 et
714 2897 929 2994 potestatem
941 2924 1155 2995 quecunque
1167 2903 1334 2998 vibbualia¹
1344 2907 1429 2979 rina
1439 2919 1502 2982 aut
1513 2911 1600 2984 alias

262 3016 479 3088 mercantias
495 3015 590 3086 infra
606 3021 753 3108 portum
769 3009 931 3084 nostrum
949 3014 995 3084 de
1011 3011 1225 3109 Abbirdeyn
1243 3015 1304 3087 seu
1323 3028 1427 3092 extra
1444 3023 1600 3095 eundem

263 3129 470 3222 deportatas
496 3150 520 3198 a
547 3123 819 3219 quibuscunque
848 3121 977 3196 nostris
1006 3125 1118 3220 legeis
1147 3125 1208 3198 seu
1239 3133 1422 3202 extraneis
1449 3133 1599 3207 aliorum

261 3262 453 3336 regnorum
468 3238 557 3311 illuo
574 3238 806 3309 venientibus
830 3260 895 3331 pro
915 3260 1040 3307 eorum
1059 3241 1246 3332 oportunis
1263 3239 1481 3317 utilitatibus
1498 3257 1536 3318 et
1554 3251 1599 3321 ad

261 3351 417 3447 ipsorum
443 3361 483 3424 et
504 3347 650 3422 suorum
675 3349 937 3421 domiciliorum
964 3345 1241 3424 sustentationes
1264 3351 1431 3428 honestas
1455 3363 1598 3432 emendi

261 3475 300 3537 et
328 3464 424 3536 dibta
451 3462 621 3534 vidualis
645 3464 730 3534 vina
753 3460 816 3534 seu
840 3462 1060 3534 meruanoias
1086 3465 1218 3535 iterum
1244 3467 1393 3539 minime
1421 3473 1600 3546 vendendi

261 3586 324 3649 aut
350 3575 501 3670 desuper
524 3573 758 3669 quouismodo
783 3571 965 3646 mercandi
990 3596 1056 3667 pro
1089 3585 1130 3646 rt
1163 3578 1385 3671 temporibus
1414 3587 1600 3658 retroadtis

260 3689 519 3761 inuiolabiliter
535 3685 747 3760 obseruator
771 3723 781 3742 ·
805 3681 1014 3761 Tenendam
1032 3697 1071 3757 et
1088 3687 1290 3760 habendam
1315 3693 1510 3784 preditiam
1536 3699 1602 3770 vil-

262 3801 334 3874 lam
359 3803 405 3872 de
429 3798 506 3873 Ald
531 3799 744 3872 Abbirdone
770 3820 853 3870 eum
879 3799 1008 3870 bondis
1031 3810 1070 3871 et
1094 3801 1323 3896 pertinentijs
1349 3805 1387 3876 iu
1411 3807 1598 3880 ciuitatem

262 3924 300 3986 et
325 3909 598 3985 minerfitatem
626 3935 670 3984 aa
703 3914 741 3983 in
769 3933 910 3982 merum
940 3919 980 3982 et
1014 3910 1166 3982 liberum
1201 3913 1355 4008 burgum
1385 3918 1422 3987 in
1452 3918 1601 3992 baronia

261 4026 420 4118 proditio
455 4025 654 4096 reuereudo
688 4025 783 4118 patri
813 4020 953 4114 suisque
985 4017 1236 4095 successoribus
1266 4027 1424 4119 capitulo
1454 4037 1599 4105 canoni-

261 4139 311 4208 eis
340 4135 535 4229 capellanis
564 4145 602 4207 et
629 4131 818 4229 suppositis
853 4157 896 4206 ao
928 4130 1132 4205 huiusmodi
1166 4135 1453 4212 inhabitantibus
1487 4153 1525 4214 et
1559 4149 1597 4218 in

261 4244 441 4342 posterum
467 4248 721 4321 inhabitaturis
750 4249 1017 4340 imperpetuum
1052 4269 1135 4318 eum
1159 4246 1367 4343 supradidtis
1402 4255 1599 4354 priuilegijs

261 4361 489 4434 libertatibus
518 4369 557 4432 et
587 4355 869 4431 eoneeffionibus
894 4383 935 4430 ac
962 4355 1134 4460 miserus
1160 4359 1238 4455 alijs
1264 4362 1493 4440 libertatibus
1518 4393 1600 4464 pro.

260 4473 362 4545 lionis
386 4471 674 4544 commoditabus
702 4465 907 4544 afiamentis
932 4493 974 4542 ae
998 4467 1101 4542 iustis
1117 4468 1188 4544 suis
1208 4477 1438 4571 pertinentijs
1455 4479 1600 4572 quibus-

261 4607 404 4678 eunque
420 4593 497 4655 tam
514 4605 587 4656 uon
604 4584 799 4655 nominatis
815 4605 923 4676 quam
941 4582 1136 4656 nominatis
1153 4585 1198 4658 ad
1216 4585 1403 4662 oiuitatem
1429 4592 1600 4668 vuiuerss-

310 4717 394 4769 vot.
413 4715 456 4768 11.
905 4700 973 4774 tu
