4050 5534
440 642 512 708 no
959 632 1267 709 asersrnun
1634 634 1783 731 [arcun

494 834 647 907 Decimo
664 832 765 909 sexto
782 834 944 929 lanuarij
970 830 1253 909 anniuersarium
1270 857 1335 929 pro
1351 837 1474 908 anime
1498 834 1651 907 Dauidis
1666 832 1786 928 Lynd-

388 984 394 993 ‚
444 945 503 1042 say
516 948 643 1020 militis
661 957 700 1021 et
717 949 861 1021 comitis
886 946 1089 1020 Craufurde
1106 970 1157 1019 xx
1183 948 1214 1021 ἔ.
1232 947 1384 1020 darilla
1409 948 1455 1021 de
1472 943 1628 1021 Wastall
1645 947 1785 1018 iacente

444 1063 481 1131 in
499 1060 535 1155 ly
547 1061 748 1134 Garuiocht
766 1102 774 1118 ·
794 1062 856 1153 qui
874 1058 966 1155 obijt
982 1082 1078 1133 enno
1095 1056 1245 1131 Domini
1262 1080 1499 1133 mmcccxcv.

360 1338 362 1341 ψ
489 1284 647 1357 Decimo
674 1284 827 1379 septimo
861 1284 1026 1377 Januurij
1061 1282 1343 1356 anniuersarium
1376 1307 1441 1379 pro
1474 1286 1596 1357 anima
1627 1280 1784 1379 magistri

443 1396 570 1469 lacobi
596 1397 761 1494 Lyndl'ay
784 1398 946 1471 canonici
969 1391 1238 1469 Aberdousnsrs
1263 1419 1315 1467 xx
1339 1399 1369 1469 ἔ.
1393 1397 1566 1470 extrudis
1589 1397 1636 1467 de
1658 1397 1783 1469 annuis

443 1510 644 1583 redditibus
678 1510 897 1604 quotidianis
931 1532 996 1608 per
1037 1508 1194 1581 eundem
1234 1508 1396 1580 fundatis
1429 1519 1470 1579 rt
1502 1510 1541 1580 in
1574 1508 1783 1581 fundatione

443 1618 623 1694 miliarum
658 1623 808 1695 inferius
837 1622 1047 1695 continetur
1075 1622 1123 1695 do
1151 1617 1335 1694 manfione
1369 1622 1547 1693 dierorum
1573 1623 1782 1693 vicariorum

442 1757 540 1807 nunc
551 1731 709 1830 magistri
729 1732 908 1806 Willelmi
919 1732 1012 1828 ·Hay
1030 1734 1176 1805 redieris
1193 1734 1240 1806 de
1257 1732 1484 1807 Drummaok
1501 1736 1539 1805 in
1557 1734 1783 1805 leudilirma·

442 1848 585 1919 iacente
602 1847 696 1920 infra
720 1846 910 1919 ciuitatem
927 1842 1227 1919 Aberdonenlem
1252 1868 1300 1918 ex
1325 1856 1430 1940 parte
1456 1845 1673 1919 occidentali
1697 1844 1784 1918 eius-

424 1957 526 2030 ·dem
544 1999 552 2017 ·
572 1956 724 2053 Insuper
737 1958 955 2051 pauperibus
972 1953 1211 2030 distribuendi
1227 1960 1266 2030 in
1283 1958 1343 2032 dis
1359 1958 1482 2031 obitus
1497 1956 1552 2030 sui
1568 1981 1594 2029 x
1610 1961 1641 2031 i.
1658 1969 1699 2031 et
1714 1958 1784 2030 col·

442 2069 567 2143 ledtori
584 2072 762 2143 dictorum
780 2071 993 2143 sicanorum
1019 2092 1085 2163 pro
1101 2069 1284 2143 laboribus
1309 2068 1381 2143 suis
1396 2072 1421 2164 ij
1439 2072 1470 2143 ἔ.
1488 2070 1533 2144 ds
1556 2072 1665 2143 certia
1681 2073 1782 2143 terris

441 2185 478 2252 in
498 2181 685 2277 Enrourye
697 2183 897 2255 iacentibus
914 2204 1013 2255 nuuc
1029 2183 1068 2255 in
1084 2183 1252 2291 manilrus
1268 2182 1446 2256 Johaunis
1462 2182 1687 2277 Baunynooh
1704 2226 1712 2240 ·

400 2434 402 2441 ·
492 2403 678 2502 Vigesrmo
695 2406 858 2499 Jenuarij
877 2404 1160 2479 anniuersarium
1185 2431 1251 2501 pro
1267 2410 1391 2481 anima
1405 2405 1566 2504 magistri
1582 2408 1781 2481 Alexandri

442 2518 661 2614 Monymeill
695 2518 782 2591 olim
812 2516 960 2593 rectoris
994 2520 1041 2590 de
1075 2518 1215 2594 Forbes
1237 2543 1289 2594 xx
1318 2520 1348 2593 ἔ.
1382 2521 1430 2593 de
1462 2522 1571 2593 domo
1605 2522 1783 2614 quondam

443 2629 623 2702 Willelmi
641 2627 808 2705 Chesalm
825 2654 923 2703 nunc
949 2632 1087 2703 domini
1113 2634 1160 2704 de
1187 2631 1337 2705 Drowm
1362 2634 1400 2703 iu
1426 2635 1506 2705 vico
1531 2632 1714 2705 furcarum
1738 2635 1782 2705 de

442 2744 606 2816 Abirdeu
624 2746 790 2837 exparte
807 2744 1023 2816 occidentali
1041 2743 1201 2819 eiusdem
1218 2747 1387 2819 iacente·

492 2964 677 3064 Vigesrmo
721 2966 822 3039 sexto
855 2968 1018 3064 Januarij
1054 2969 1338 3043 anniuersarium
1371 2993 1437 3065 pro
1471 2972 1592 3043 anima
1625 2969 1783 3068 magistri

443 3080 594 3153 Dauidis
607 3076 848 3153 Disohintouu
866 3082 1088 3175 precentoris
1101 3078 1371 3155 Abcrdonenfis
1383 3086 1497 3157 xxr‘s'.
1509 3086 1571 3177 qui
1582 3081 1674 3177 obijt
1691 3107 1783 3156 anno

443 3193 591 3265 Domini
609 3212 796 3265 rnnxuw.

491 3413 676 3512 Vigesrmo
711 3416 839 3491 octauo
867 3416 1029 3514 Januarij
1059 3416 1342 3491 anniuersarium
1372 3441 1438 3512 pro
1471 3417 1593 3493 anima
1626 3419 1783 3516 magistri

442 3528 642 3601 Alexandri
679 3528 846 3625 Lyudsay
876 3530 964 3603 olim
995 3532 1142 3603 rectoris
1171 3532 1218 3603 de
1255 3530 1422 3625 Baheluy
1455 3534 1509 3627 xij
1543 3535 1573 3605 ἔ.
1610 3533 1656 3605 de
1689 3545 1785 3606 terra

441 3640 615 3713 ditiorum
634 3644 846 3715 vicariorum
873 3666 955 3715 cum
975 3644 1091 3716 cauda
1114 3644 1153 3715 iu
1180 3643 1299 3738 Futye
1319 3644 1462 3715 iacente
1487 3668 1584 3716 nuno
1610 3657 1785 3739 occupata

440 3776 504 3848 per
519 3754 698 3827 Jacobum
715 3752 809 3826 Blak
829 3796 837 3812 ·
856 3758 918 3848 qui
936 3754 1029 3851 obijt
1046 3779 1142 3829 auno
1160 3755 1310 3828 Domini
1326 3774 1586 3828 mccccxcm.

490 3866 630 3937 Eodem
648 3868 706 3939 die
723 3866 1007 3941 anniuersarium
1025 3865 1184 3963 magistri
1200 3868 1330 3941 Jacobi
1355 3866 1506 3942 Stenart
1522 3867 1610 3941 olim
1627 3868 1783 3964 episcopi
1844 3941 1849 3950 k

442 3973 681 4051 Morouiensrs
710 3976 774 4074 xiij
803 3982 832 4052 ἔ.
863 3977 914 4075 iiij
943 3976 979 4051 d.
1008 3982 1055 4052 de
1084 3994 1182 4053 terra
1207 3980 1295 4052 olim
1322 3980 1500 4053 Johannis
1529 3980 1663 4054 (lullan
1686 4006 1781 4053 nunc

440 4090 616 4163 Johaunis
635 4089 817 4163 Dauidlon
835 4090 978 4165 sartoris
996 4096 1034 4166 in
1053 4095 1132 4166 vico
1149 4095 1331 4167 furcarum
1355 4090 1597 4167 Abirdoueusr
1615 4106 1781 4189 exparte

441 4202 607 4275 orientali
625 4201 784 4275 eiusdem
801 4206 945 4277 iacente
963 4245 971 4261 ·
989 4208 1051 4299 qui
1068 4204 1161 4301 obijt
1177 4230 1273 4279 anno
1291 4204 1439 4277 Domini
1458 4226 1681 4279 mccccnvr.
