4050 5534
298 650 413 747 xus]
776 652 1181 729 Aannnonnusn.
1602 669 1649 734 rr

295 869 376 924 non
399 861 438 924 te
462 853 633 948 baptizo·
651 855 697 927 ad
725 854 920 927 leuandum
939 878 1025 927 vero
1050 877 1203 948 puerum
1220 854 1266 927 de
1283 856 1385 930 sonte
1401 865 1476 930 tres
1495 860 1541 931 ad
1565 859 1648 954 plus

294 964 546 1038 admittantur
561 963 711 1062 persone
727 967 766 1040 in
783 964 984 1061 baptismo·
1000 990 1137 1040 marem
1154 969 1226 1040 duo
1242 991 1359 1042 mares
1375 980 1414 1043 ct
1427 994 1498 1044 vna
1513 973 1648 1046 semina

297 1071 495 1172 suscipiant
519 1081 763 1152 seminavero
788 1080 927 1153 duabus
952 1081 1097 1153 feminis
1123 1092 1162 1153 et
1188 1103 1260 1152 vno
1285 1104 1385 1156 mare
1409 1082 1644 1179 suscipiatur·

298 1187 422 1278 phuae
449 1202 622 1287 tanquem
650 1189 759 1265 testes
792 1215 866 1272 non
891 1201 1066 1286 tanquam
1095 1195 1229 1288 patrini
1254 1190 1282 1265 si
1307 1194 1431 1268 haberi
1458 1200 1647 1290 potuerint

302 1295 503 1376 habeantur
518 1315 666 1399 propter
678 1305 793 1378 varias
810 1301 932 1378 causus
945 1345 953 1362 ·
968 1307 1079 1399 panni
1096 1315 1221 1378 autem
1237 1302 1418 1379 crismaleo
1434 1331 1508 1379 nou
1524 1305 1591 1380 nisr
1607 1312 1646 1382 in

307 1410 383 1484 rsus
405 1427 700 1490 ornamentorum
723 1412 872 1490 ecclesie
895 1427 1156 1490 conuertuntur
1176 1441 1246 1490 nec
1268 1415 1379 1490 semel
1395 1421 1442 1492 ad
1459 1418 1644 1494 ecclesiam

311 1543 386 1598 cnm
407 1531 530 1623 pueris
554 1529 667 1602 delati
689 1529 769 1624 alijs
794 1531 840 1602 cd
866 1530 1125 1623 baptizandum
1146 1553 1254 1624 prece
1274 1530 1331 1602 vel
1356 1534 1477 1625 precio
1501 1535 1645 1606 tradan-

312 1641 366 1706 tor
388 1683 397 1700 ·
421 1637 586 1714 srmiliter
614 1642 685 1715 alic
713 1650 926 1715 omamente
952 1637 1101 1714 ecclesre
1128 1666 1199 1735 que
1225 1643 1471 1737 pontificalem
1497 1669 1645 1742 accepe-

313 1761 389 1824 runt
412 1753 702 1828 benedictionem
727 1755 829 1828 nullo
851 1754 958 1826 modo
976 1756 1015 1826 in
1031 1754 1234 1848 prophanos
1251 1751 1333 1827 rsus
1357 1767 1642 1833 conuertuntur·

310 1861 435 1940 semine
458 1877 676 1941 moneantur
692 1877 733 1940 rt
755 1889 886 1962 pueros
902 1864 984 1939 snos
1000 1875 1108 1940 cante
1130 1867 1230 1940 alant
1247 1879 1286 1940 et
1302 1870 1407 1943 iuxta
1421 1869 1459 1943 se
1475 1872 1521 1943 de
1537 1876 1643 1946 noste

301 1997 379 2046 non
398 1979 578 2054 collocent
603 2005 650 2054 ne
676 1982 950 2076 opprimentur·
970 1978 1063 2051 solos
1087 1981 1127 2052 in
1147 1980 1313 2053 domibus
1330 1981 1392 2053 vbi
1415 1984 1509 2078 ignis
1533 1985 1644 2057 suerit

297 2085 364 2156 vel
385 2089 478 2165 solos
504 2095 610 2166 iuxta
636 2117 766 2188 equam
794 2115 867 2166 non
897 2093 1106 2187 relinquant
1127 2130 1137 2148 ·
1159 2101 1199 2165 et
1227 2093 1297 2164 hoc
1326 2095 1494 2167 omnibus
1517 2097 1642 2169 diebus

299 2194 491 2278 dominicis
508 2207 649 2278 dicotur
665 2247 674 2264 ·

597 2430 701 2504 LVI.
716 2429 786 2503 ·De
802 2429 1025 2503 sacramento
1041 2429 1346 2502 confirmationis·

258 2618 424 2726 suurn
454 2652 676 2728 sacramenta
704 2655 985 2726 confirmationis
1010 2655 1056 2726 od
1083 2654 1192 2726 robur
1221 2654 1353 2726 dantur
1381 2656 1502 2748 pueris
1531 2654 1644 2730 socer-

249 2729 405 2837 dotes
422 2789 505 2839 cum
522 2767 701 2840 audierint
718 2767 918 2839 aduentum
936 2764 1091 2861 episcopi
1107 2776 1281 2839 moneant
1297 2768 1471 2861 populum
1490 2779 1530 2841 vt
1547 2770 1644 2843 dese-

242 2855 354 2936 ¹²¹²t
400 2901 529 2972 pueros
546 2879 592 2952 ad
610 2877 813 2973 episcopum
839 2877 1101 2951 confirmandos
1118 2921 1128 2938 ·
1145 2877 1292 2950 adultus
1312 2888 1436 2951 autem
1453 2876 1481 2951 fi
1497 2889 1643 2976 tempus

238 2947 468 3062 l²buent
485 2991 683 3064 confitendi
699 2993 798 3086 prins
815 2991 1033 3063 confiteatur
1045 3013 1153 3083 quam
1169 2990 1428 3063 confirmetur·
1445 2991 1515 3066 hoc
1532 2997 1643 3068 etiam

235 3057 403 3172 lueis
427 3105 618 3177 intimetur
634 3105 729 3198 quod
747 3104 973 3176 contrahitur
987 3105 1027 3173 in
1043 3103 1113 3175 hoc
1129 3100 1352 3176 sacramento
1368 3099 1460 3176 sicut
1476 3105 1514 3175 in
1530 3103 1644 3179 sacra·

234 3196 427 3286 m⁶³11to
451 3215 674 3311 baptismatis
698 3217 911 3310 proximitas
935 3213 1128 3310 spiritualis
1152 3214 1347 3288 interillos
1363 3218 1425 3310 qui
1448 3217 1643 3313 suscipiunt

231 3311 433 3398 pueros
454 3337 493 3400 et
517 3329 599 3401 illos
620 3351 773 3422 quorum
795 3325 879 3400 sunt
901 3330 1004 3422 pueri
1028 3336 1067 3399 et
1090 3328 1202 3398 etiam
1224 3327 1369 3400 illorum
1392 3353 1522 3424 pueros
1540 3372 1548 3391 ·
1565 3355 1643 3405 mas

231 3423 363 3494 '⁰¹0
406 3462 540 3513 marem
558 3465 677 3514 coram
695 3438 859 3535 episcopo
876 3449 1002 3512 teneat
1018 3449 1058 3512 et
1075 3440 1210 3512 semina
1225 3440 1397 3514 seminam
1415 3483 1423 3501 ·

624 3663 749 3738 LVII.
777 3663 834 3737 De
850 3662 1073 3738 sacramento
1089 3666 1293 3759 penitentie
1310 3707 1318 3723 ·

210 3845 425 3960 Ωιιῑῑῑι]
450 3884 690 3962 remiffionem
714 3899 945 3984 peccatorum
962 3913 1028 3984 per
1044 3913 1166 3962 veram
1184 3885 1436 3964 consessionem
1459 3890 1643 3986 consequi·

202 3977 344 4046 mu‘
422 4001 639 4094 precipimus
672 4009 714 4072 rt
747 3998 948 4074 secerdotes
981 4003 1020 4073 in
1054 4002 1173 4074 danda
1209 4004 1417 4096 penitencia
1448 4003 1642 4099 diligenter

194 4075 495 4184 altflhdant
507 4112 721 4206 qualitatem
738 4110 887 4206 persone
905 4122 943 4185 et
960 4116 1204 4206 quantitatem
1221 4113 1343 4186 delitti
1361 4114 1480 4187 locum
1497 4125 1642 4210 tempus

193 4200 444 4328 ⁰³qu
461 4233 500 4297 et
516 4247 654 4298 moram
671 4227 710 4296 in
726 4235 875 4319 peccato
892 4227 1024 4297 fastam
1041 4235 1080 4297 et
1096 4223 1185 4298 alias
1200 4227 1340 4320 peccati
1354 4223 1642 4301 circumstanciaa

193 4302 465 4410 fimlliter
480 4337 711 4410 deuotionem
727 4339 926 4433 penitentis
944 4346 982 4409 et
999 4334 1099 4433 ligna
1115 4338 1342 4410 contritionis
1358 4341 1551 4412 attendant
1568 4381 1576 4398 ·
1595 4341 1642 4414 In

211 4415 480 4521 affliendo
497 4445 751 4524 conseffionem
767 4447 929 4522 sacerdos
954 4449 1087 4522 habeat
1103 4449 1248 4520 vultum
1270 4448 1445 4524 humilem
1463 4462 1502 4525 et
1518 4455 1641 4528 oculos

234 4519 293 4640 tl·
329 4553 506 4634 herram
535 4559 700 4636 demissos
724 4585 792 4635 nec
822 4560 939 4656 sepius
969 4559 1160 4635 indiscrete
1186 4562 1315 4636 faciem
1340 4562 1506 4657 respiciat
1530 4570 1641 4640 conii·

345 4689 436 4747 oron.
453 4695 496 4746 11.
961 4695 987 4746 n
