<?xml version="1.0" encoding="UTF-8"?>
<!DOCTYPE html PUBLIC "-//W3C//DTD XHTML 1.0 Transitional//EN"
    "http://www.w3.org/TR/xhtml1/DTD/xhtml1-transitional.dtd">
<html xmlns="http://www.w3.org/1999/xhtml" xml:lang="en" lang="en">
 <head>
  <title>
</title>
<meta http-equiv="Content-Type" content="text/html;charset=utf-8" />
  <meta name='ocr-system' content='tesseract 3.04.00' />
  <meta name='ocr-capabilities' content='ocr_page ocr_carea ocr_par ocr_line ocrx_word'/>
</head>
<body>
  <div class='ocr_page' id='page_1' title='image "./registrumepisco02innegoog_0271.png"; bbox 0 0 4050 5534; ppageno 0'>
   <div class='ocr_carea' id='block_1_1' title="bbox 237 644 1574 742">
    <p class='ocr_par' dir='ltr' id='par_1_1' title="bbox 237 644 1574 742">
     <span class='ocr_line' id='line_1_1' title="bbox 237 644 1574 742; baseline 0.007 -23"><span class='ocrx_word' id='word_1_1' title='bbox 237 647 340 742; x_wconf 77' lang='lat' dir='ltr'><strong>xva]</strong></span> <span class='ocrx_word' id='word_1_2' title='bbox 709 644 1113 721; x_wconf 80' lang='lat' dir='ltr'><strong>ABERDONENSE.</strong></span> <span class='ocrx_word' id='word_1_3' title='bbox 1505 660 1574 731; x_wconf 85' lang='lat'><strong>189</strong></span> 
     </span>
    </p>
   </div>
   <div class='ocr_carea' id='block_1_2' title="bbox 235 845 1571 1503">
    <p class='ocr_par' dir='ltr' id='par_1_2' title="bbox 235 845 1571 1033">
     <span class='ocr_line' id='line_1_2' title="bbox 284 845 1571 941; baseline 0.002 -22"><span class='ocrx_word' id='word_1_4' title='bbox 284 847 383 921; x_wconf 89' lang='lat' dir='ltr'><strong>Item</strong></span> <span class='ocrx_word' id='word_1_5' title='bbox 394 846 605 924; x_wconf 87' lang='lat' dir='ltr'><strong>lauachrum</strong></span> <span class='ocrx_word' id='word_1_6' title='bbox 618 845 818 941; x_wconf 87' lang='lat' dir='ltr'><strong>pendulum</strong></span> <span class='ocrx_word' id='word_1_7' title='bbox 831 869 896 941; x_wconf 88' lang='lat' dir='ltr'><strong>pro</strong></span> <span class='ocrx_word' id='word_1_8' title='bbox 909 847 1047 920; x_wconf 88' lang='lat' dir='ltr'><strong>lotione</strong></span> <span class='ocrx_word' id='word_1_9' title='bbox 1063 870 1235 920; x_wconf 88' lang='lat' dir='ltr'><strong>mannum</strong></span> <span class='ocrx_word' id='word_1_10' title='bbox 1253 848 1517 923; x_wconf 77' lang='lat' dir='ltr'><strong>celebrantium</strong></span> <span class='ocrx_word' id='word_1_11' title='bbox 1535 855 1571 923; x_wconf 91' lang='lat' dir='ltr'><strong>in</strong></span> 
     </span>
     <span class='ocr_line' id='line_1_3' title="bbox 235 957 1207 1033; baseline -0.001 -1"><span class='ocrx_word' id='word_1_12' title='bbox 235 961 344 1033; x_wconf 87' lang='lat' dir='ltr'><strong>cbarn</strong></span> <span class='ocrx_word' id='word_1_13' title='bbox 361 960 459 1033; x_wconf 75' lang='lat' dir='ltr'><strong>furto</strong></span> <span class='ocrx_word' id='word_1_14' title='bbox 473 957 681 1033; x_wconf 83' lang='lat' dir='ltr'><strong>sublatum·</strong></span> <span class='ocrx_word' id='word_1_15' title='bbox 1201 962 1207 975; x_wconf 84' lang='grc'><em>’</em></span> 
     </span>
    </p>

    <p class='ocr_par' dir='ltr' id='par_1_3' title="bbox 285 1070 1284 1168">
     <span class='ocr_line' id='line_1_4' title="bbox 285 1070 1284 1168; baseline 0.002 -23"><span class='ocrx_word' id='word_1_16' title='bbox 285 1072 379 1146; x_wconf 91' lang='lat' dir='ltr'><strong>Item</strong></span> <span class='ocrx_word' id='word_1_17' title='bbox 398 1071 603 1168; x_wconf 76' lang='lat' dir='ltr'><strong>mergulum</strong></span> <span class='ocrx_word' id='word_1_18' title='bbox 620 1093 704 1143; x_wconf 92' lang='lat' dir='ltr'><strong>cum</strong></span> <span class='ocrx_word' id='word_1_19' title='bbox 720 1070 863 1144; x_wconf 88' lang='lat' dir='ltr'><strong>lechino</strong></span> <span class='ocrx_word' id='word_1_20' title='bbox 881 1070 942 1145; x_wconf 88' lang='lat' dir='ltr'><strong>seu</strong></span> <span class='ocrx_word' id='word_1_21' title='bbox 959 1073 1128 1167; x_wconf 90' lang='lat' dir='ltr'><strong>lampade</strong></span> <span class='ocrx_word' id='word_1_22' title='bbox 1144 1097 1284 1147; x_wconf 83' lang='lat' dir='ltr'><strong>euneo-</strong></span> 
     </span>
    </p>

    <p class='ocr_par' dir='ltr' id='par_1_4' title="bbox 285 1182 1289 1280">
     <span class='ocr_line' id='line_1_5' title="bbox 285 1182 1289 1280; baseline -0.001 -23"><span class='ocrx_word' id='word_1_23' title='bbox 285 1184 381 1257; x_wconf 88' lang='lat' dir='ltr'><strong>Item</strong></span> <span class='ocrx_word' id='word_1_24' title='bbox 398 1185 589 1259; x_wconf 82' lang='lat' dir='ltr'><strong>ambonem</strong></span> <span class='ocrx_word' id='word_1_25' title='bbox 606 1182 857 1279; x_wconf 79' lang='lat' dir='ltr'><strong>euangelicum</strong></span> <span class='ocrx_word' id='word_1_26' title='bbox 873 1185 912 1256; x_wconf 93' lang='lat' dir='ltr'><strong>in</strong></span> <span class='ocrx_word' id='word_1_27' title='bbox 929 1185 1037 1258; x_wconf 89' lang='lat' dir='ltr'><strong>choro</strong></span> <span class='ocrx_word' id='word_1_28' title='bbox 1055 1208 1102 1258; x_wconf 88' lang='lat' dir='ltr'><strong>ex</strong></span> <span class='ocrx_word' id='word_1_29' title='bbox 1118 1187 1289 1280; x_wconf 88' lang='lat' dir='ltr'><strong>antiquo·</strong></span> 
     </span>
    </p>

    <p class='ocr_par' dir='ltr' id='par_1_5' title="bbox 243 1291 1510 1503">
     <span class='ocr_line' id='line_1_6' title="bbox 286 1291 1510 1389; baseline 0.002 -19"><span class='ocrx_word' id='word_1_30' title='bbox 286 1296 382 1370; x_wconf 85' lang='lat' dir='ltr'><strong>Item</strong></span> <span class='ocrx_word' id='word_1_31' title='bbox 399 1298 470 1370; x_wconf 88' lang='lat' dir='ltr'><strong>duo</strong></span> <span class='ocrx_word' id='word_1_32' title='bbox 488 1294 710 1368; x_wconf 90' lang='lat' dir='ltr'><strong>tintinabula</strong></span> <span class='ocrx_word' id='word_1_33' title='bbox 725 1291 900 1389; x_wconf 85' lang='lat' dir='ltr'><strong>pulsanda</strong></span> <span class='ocrx_word' id='word_1_34' title='bbox 915 1319 1036 1370; x_wconf 88' lang='lat' dir='ltr'><strong>coram</strong></span> <span class='ocrx_word' id='word_1_35' title='bbox 1054 1298 1250 1371; x_wconf 82' lang='lat' dir='ltr'><strong>venerabili</strong></span> <span class='ocrx_word' id='word_1_36' title='bbox 1268 1296 1510 1373; x_wconf 87' lang='lat' dir='ltr'><strong>sacramento·</strong></span> 
     </span>
     <span class='ocr_line' id='line_1_7' title="bbox 243 1405 998 1503; baseline 0.008 -29"><span class='ocrx_word' id='word_1_37' title='bbox 243 1466 247 1474; x_wconf 93' lang='lat'>.</span> <span class='ocrx_word' id='word_1_38' title='bbox 286 1408 382 1481; x_wconf 85' lang='lat' dir='ltr'><strong>Item</strong></span> <span class='ocrx_word' id='word_1_39' title='bbox 399 1430 511 1480; x_wconf 84' lang='lat' dir='ltr'><strong>vnum</strong></span> <span class='ocrx_word' id='word_1_40' title='bbox 527 1405 732 1503; x_wconf 76' lang='lat' dir='ltr'><strong>mergulum</strong></span> <span class='ocrx_word' id='word_1_41' title='bbox 749 1430 833 1480; x_wconf 93' lang='lat' dir='ltr'><strong>cum</strong></span> <span class='ocrx_word' id='word_1_42' title='bbox 849 1406 998 1481; x_wconf 89' lang='lat' dir='ltr'><strong>lichitc·</strong></span> 
     </span>
    </p>
   </div>
   <div class='ocr_carea' id='block_1_3' title="bbox 188 1743 1571 2390">
    <p class='ocr_par' dir='ltr' id='par_1_6' title="bbox 188 1743 1571 2390">
     <span class='ocr_line' id='line_1_8' title="bbox 334 1743 1571 1826; baseline 0.006 -8"><span class='ocrx_word' id='word_1_43' title='bbox 334 1743 608 1819; x_wconf 75' lang='lat' dir='ltr'><strong>INUBN&#39;IABIUM</strong></span> <span class='ocrx_word' id='word_1_44' title='bbox 628 1764 950 1817; x_wconf 75' lang='lat' dir='ltr'><strong>OBNAMIIN&#39;IOBUM</strong></span> <span class='ocrx_word' id='word_1_45' title='bbox 965 1766 1044 1818; x_wconf 73' lang='lat' dir='ltr'><strong>&#39;IAM</strong></span> <span class='ocrx_word' id='word_1_46' title='bbox 1059 1768 1242 1819; x_wconf 72' lang='lat' dir='ltr'>VETBBUM</span> <span class='ocrx_word' id='word_1_47' title='bbox 1257 1768 1363 1826; x_wconf 77' lang='lat' dir='ltr'><strong>QUAM</strong></span> <span class='ocrx_word' id='word_1_48' title='bbox 1382 1772 1571 1825; x_wconf 71' lang='lat' dir='ltr'><strong>notionum</strong></span> 
     </span>
     <span class='ocr_line' id='line_1_9' title="bbox 335 1857 1571 1937; baseline 0.006 -6"><span class='ocrx_word' id='word_1_49' title='bbox 335 1880 458 1933; x_wconf 75' lang='lat' dir='ltr'><strong>suum</strong></span> <span class='ocrx_word' id='word_1_50' title='bbox 486 1879 643 1930; x_wconf 72' lang='lat' dir='ltr'><strong>struma</strong></span> <span class='ocrx_word' id='word_1_51' title='bbox 670 1878 853 1930; x_wconf 75' lang='lat' dir='ltr'><strong>noctuam</strong></span> <span class='ocrx_word' id='word_1_52' title='bbox 890 1878 1156 1932; x_wconf 68' lang='lat' dir='ltr'><strong>cantabundus</strong></span> <span class='ocrx_word' id='word_1_53' title='bbox 1190 1857 1493 1937; x_wconf 71' lang='lat' dir='ltr'><strong>Auannortltrtsls</strong></span> <span class='ocrx_word' id='word_1_54' title='bbox 1523 1888 1571 1937; x_wconf 75' lang='grc' dir='ltr'><strong>ΕΤ</strong></span> 
     </span>
     <span class='ocr_line' id='line_1_10' title="bbox 333 1990 1569 2050; baseline 0.003 -5"><span class='ocrx_word' id='word_1_55' title='bbox 333 1993 510 2045; x_wconf 69' lang='lat' dir='ltr'><strong>cantuum</strong></span> <span class='ocrx_word' id='word_1_56' title='bbox 545 1990 718 2043; x_wconf 77' lang='lat' dir='ltr'>EIUSDEM</span> <span class='ocrx_word' id='word_1_57' title='bbox 755 1990 907 2042; x_wconf 76' lang='lat' dir='ltr'><strong>FAG&#39;IUM</strong></span> <span class='ocrx_word' id='word_1_58' title='bbox 940 1993 1014 2044; x_wconf 74' lang='lat' dir='ltr'><strong>PER</strong></span> <span class='ocrx_word' id='word_1_59' title='bbox 1043 1993 1314 2046; x_wconf 68' lang='lat' dir='ltr'><strong>surasmc&#39;rnss</strong></span> <span class='ocrx_word' id='word_1_60' title='bbox 1341 1997 1569 2050; x_wconf 70' lang='lat' dir='ltr'><strong>stantarum</strong></span> 
     </span>
     <span class='ocr_line' id='line_1_11' title="bbox 188 2075 1571 2164; baseline 0.005 -7"><span class='ocrx_word' id='word_1_61' title='bbox 188 2075 194 2091; x_wconf 40' lang='grc' dir='ltr'>ι</span> <span class='ocrx_word' id='word_1_62' title='bbox 333 2084 610 2158; x_wconf 76' lang='lat' dir='ltr'>ALEXANDBUM</span> <span class='ocrx_word' id='word_1_63' title='bbox 648 2080 860 2156; x_wconf 75' lang='lat' dir='ltr'><strong>GALLOUAY</strong></span> <span class='ocrx_word' id='word_1_64' title='bbox 896 2104 946 2155; x_wconf 75' lang='lat' dir='ltr'><strong>AD</strong></span> <span class='ocrx_word' id='word_1_65' title='bbox 982 2107 1165 2158; x_wconf 75' lang='lat' dir='ltr'><strong>PU&#39;I&#39;UBAII</strong></span> <span class='ocrx_word' id='word_1_66' title='bbox 1193 2108 1258 2158; x_wconf 78' lang='lat' dir='ltr'><strong>REI</strong></span> <span class='ocrx_word' id='word_1_67' title='bbox 1285 2110 1495 2163; x_wconf 71' lang='lat' dir='ltr'><strong>Mardonium</strong></span> <span class='ocrx_word' id='word_1_68' title='bbox 1522 2113 1571 2164; x_wconf 69' lang='grc' dir='ltr'><strong>ΕΤ</strong></span> 
     </span>
     <span class='ocr_line' id='line_1_12' title="bbox 334 2218 1570 2276; baseline 0.002 -3"><span class='ocrx_word' id='word_1_69' title='bbox 334 2218 624 2273; x_wconf 70' lang='lat' dir='ltr'><strong>contemnaris</strong></span> <span class='ocrx_word' id='word_1_70' title='bbox 638 2218 752 2269; x_wconf 75' lang='lat' dir='ltr'><strong>mona</strong></span> <span class='ocrx_word' id='word_1_71' title='bbox 769 2218 951 2269; x_wconf 70' lang='lat' dir='ltr'><strong>accusant</strong></span> <span class='ocrx_word' id='word_1_72' title='bbox 965 2218 1222 2276; x_wconf 70' lang='lat' dir='ltr'><strong>cuntramnus</strong></span> <span class='ocrx_word' id='word_1_73' title='bbox 1242 2219 1449 2274; x_wconf 77' lang='lat' dir='ltr'><strong>ANTBch&#39;l&#39;l</strong></span> <span class='ocrx_word' id='word_1_74' title='bbox 1468 2226 1570 2276; x_wconf 78' lang='lat' dir='ltr'>ANNO</span> 
     </span>
     <span class='ocr_line' id='line_1_13' title="bbox 334 2330 1355 2390; baseline 0 -6"><span class='ocrx_word' id='word_1_75' title='bbox 334 2333 547 2386; x_wconf 68' lang='lat' dir='ltr'><strong>attenuando</strong></span> <span class='ocrx_word' id='word_1_76' title='bbox 567 2330 888 2390; x_wconf 71' lang='lat' dir='ltr'><strong>Qulnonnnuslnlo</strong></span> <span class='ocrx_word' id='word_1_77' title='bbox 906 2331 1209 2390; x_wconf 74' lang='lat' dir='ltr'><strong>Qusnnsansfflo</strong></span> <span class='ocrx_word' id='word_1_78' title='bbox 1228 2334 1355 2385; x_wconf 78' lang='lat' dir='ltr'><strong>NONO·</strong></span> 
     </span>
    </p>
   </div>
   <div class='ocr_carea' id='block_1_4' title="bbox 231 2506 1574 4653">
    <p class='ocr_par' dir='ltr' id='par_1_7' title="bbox 231 2506 1574 3192">
     <span class='ocr_line' id='line_1_14' title="bbox 234 2506 1570 2632; baseline 0.002 -20"><span class='ocrx_word' id='word_1_79' title='bbox 234 2514 427 2632; x_wconf 78' lang='lat' dir='ltr'><strong>Imprimis</strong></span> <span class='ocrx_word' id='word_1_80' title='bbox 444 2560 514 2609; x_wconf 85' lang='lat' dir='ltr'><strong>vna</strong></span> <span class='ocrx_word' id='word_1_81' title='bbox 531 2535 670 2631; x_wconf 85' lang='lat' dir='ltr'><strong>capella</strong></span> <span class='ocrx_word' id='word_1_82' title='bbox 686 2546 850 2607; x_wconf 82' lang='lat' dir='ltr'><strong>veterum</strong></span> <span class='ocrx_word' id='word_1_83' title='bbox 867 2558 967 2607; x_wconf 92' lang='lat' dir='ltr'><strong>more</strong></span> <span class='ocrx_word' id='word_1_84' title='bbox 983 2534 1104 2629; x_wconf 90' lang='lat' dir='ltr'><strong>ampla</strong></span> <span class='ocrx_word' id='word_1_85' title='bbox 1119 2545 1159 2607; x_wconf 87' lang='lat' dir='ltr'><strong>st</strong></span> <span class='ocrx_word' id='word_1_86' title='bbox 1183 2536 1258 2610; x_wconf 90' lang='lat' dir='ltr'><strong>lata</strong></span> <span class='ocrx_word' id='word_1_87' title='bbox 1274 2506 1321 2610; x_wconf 71' lang='lat' dir='ltr'><strong>ix</strong></span> <span class='ocrx_word' id='word_1_88' title='bbox 1346 2563 1432 2611; x_wconf 86' lang='lat' dir='ltr'><strong>auro</strong></span> <span class='ocrx_word' id='word_1_89' title='bbox 1449 2544 1570 2615; x_wconf 82' lang='lat' dir='ltr'><strong>textili</strong></span> 
     </span>
     <span class='ocr_line' id='line_1_15' title="bbox 232 2642 1574 2745; baseline 0.001 -21"><span class='ocrx_word' id='word_1_90' title='bbox 232 2672 449 2745; x_wconf 88' lang='lat' dir='ltr'><strong>quamquam</strong></span> <span class='ocrx_word' id='word_1_91' title='bbox 467 2647 530 2720; x_wconf 88' lang='lat' dir='ltr'><strong>vsu</strong></span> <span class='ocrx_word' id='word_1_92' title='bbox 547 2650 718 2721; x_wconf 88' lang='lat' dir='ltr'><strong>diuturno</strong></span> <span class='ocrx_word' id='word_1_93' title='bbox 735 2646 929 2741; x_wconf 88' lang='lat' dir='ltr'><strong>plurimum</strong></span> <span class='ocrx_word' id='word_1_94' title='bbox 955 2642 1085 2719; x_wconf 84' lang='lat' dir='ltr'><strong>vsrtata</strong></span> <span class='ocrx_word' id='word_1_95' title='bbox 1100 2644 1160 2718; x_wconf 88' lang='lat' dir='ltr'><strong>sed</strong></span> <span class='ocrx_word' id='word_1_96' title='bbox 1183 2650 1326 2745; x_wconf 82' lang='lat' dir='ltr'><strong>integra</strong></span> <span class='ocrx_word' id='word_1_97' title='bbox 1341 2651 1379 2722; x_wconf 92' lang='lat' dir='ltr'><strong>in</strong></span> <span class='ocrx_word' id='word_1_98' title='bbox 1397 2650 1434 2725; x_wconf 88' lang='lat' dir='ltr'><strong>sa</strong></span> <span class='ocrx_word' id='word_1_99' title='bbox 1457 2656 1574 2726; x_wconf 89' lang='lat' dir='ltr'><strong>conti·</strong></span> 
     </span>
     <span class='ocr_line' id='line_1_16' title="bbox 232 2758 1572 2855; baseline 0.003 -20"><span class='ocrx_word' id='word_1_100' title='bbox 232 2786 323 2837; x_wconf 85' lang='lat' dir='ltr'><strong>nens</strong></span> <span class='ocrx_word' id='word_1_101' title='bbox 340 2760 496 2835; x_wconf 75' lang='lat' dir='ltr'><strong>casulam</strong></span> <span class='ocrx_word' id='word_1_102' title='bbox 513 2759 670 2855; x_wconf 86' lang='lat' dir='ltr'><strong>amplam</strong></span> <span class='ocrx_word' id='word_1_103' title='bbox 681 2761 843 2832; x_wconf 90' lang='lat' dir='ltr'><strong>tunicam</strong></span> <span class='ocrx_word' id='word_1_104' title='bbox 860 2768 898 2831; x_wconf 89' lang='lat' dir='ltr'><strong>et</strong></span> <span class='ocrx_word' id='word_1_105' title='bbox 912 2758 1139 2831; x_wconf 82' lang='lat' dir='ltr'><strong>dalmaticam</strong></span> <span class='ocrx_word' id='word_1_106' title='bbox 1153 2758 1226 2831; x_wconf 87' lang='lat' dir='ltr'><strong>albi</strong></span> <span class='ocrx_word' id='word_1_107' title='bbox 1243 2761 1372 2834; x_wconf 90' lang='lat' dir='ltr'><strong>coloris</strong></span> <span class='ocrx_word' id='word_1_108' title='bbox 1389 2787 1472 2836; x_wconf 93' lang='lat' dir='ltr'><strong>cum</strong></span> <span class='ocrx_word' id='word_1_109' title='bbox 1486 2767 1572 2839; x_wconf 91' lang='lat' dir='ltr'><strong>dua·</strong></span> 
     </span>
     <span class='ocr_line' id='line_1_17' title="bbox 231 2870 1572 2973; baseline 0.003 -26"><span class='ocrx_word' id='word_1_110' title='bbox 231 2876 300 2951; x_wconf 92' lang='lat' dir='ltr'><strong>bus</strong></span> <span class='ocrx_word' id='word_1_111' title='bbox 317 2871 416 2946; x_wconf 81' lang='lat' dir='ltr'><strong>stolis</strong></span> <span class='ocrx_word' id='word_1_112' title='bbox 433 2875 549 2946; x_wconf 86' lang='lat' dir='ltr'><strong>tribus</strong></span> <span class='ocrx_word' id='word_1_113' title='bbox 573 2870 765 2966; x_wconf 83' lang='lat' dir='ltr'><strong>manipulis</strong></span> <span class='ocrx_word' id='word_1_114' title='bbox 782 2872 898 2944; x_wconf 88' lang='lat' dir='ltr'><strong>tribus</strong></span> <span class='ocrx_word' id='word_1_115' title='bbox 923 2870 1013 2943; x_wconf 91' lang='lat' dir='ltr'><strong>albis</strong></span> <span class='ocrx_word' id='word_1_116' title='bbox 1030 2871 1145 2943; x_wconf 89' lang='lat' dir='ltr'><strong>tribus</strong></span> <span class='ocrx_word' id='word_1_117' title='bbox 1162 2874 1299 2945; x_wconf 79' lang='lat' dir='ltr'><strong>amittis</strong></span> <span class='ocrx_word' id='word_1_118' title='bbox 1324 2898 1408 2948; x_wconf 89' lang='lat' dir='ltr'><strong>cum</strong></span> <span class='ocrx_word' id='word_1_119' title='bbox 1425 2873 1572 2973; x_wconf 77' lang='lat' dir='ltr'><strong>lingulis</strong></span> 
     </span>
     <span class='ocr_line' id='line_1_18' title="bbox 231 2980 1572 3086; baseline 0.001 -25"><span class='ocrx_word' id='word_1_120' title='bbox 231 2988 429 3063; x_wconf 85' lang='lat' dir='ltr'><strong>earundem</strong></span> <span class='ocrx_word' id='word_1_121' title='bbox 453 2985 671 3086; x_wconf 83' lang='lat' dir='ltr'><strong>paramentis</strong></span> <span class='ocrx_word' id='word_1_122' title='bbox 687 2984 733 3056; x_wconf 90' lang='lat' dir='ltr'><strong>ad</strong></span> <span class='ocrx_word' id='word_1_123' title='bbox 759 2984 924 3055; x_wconf 89' lang='lat' dir='ltr'><strong>decorem</strong></span> <span class='ocrx_word' id='word_1_124' title='bbox 942 2980 1101 3054; x_wconf 88' lang='lat' dir='ltr'><strong>eiusdem</strong></span> <span class='ocrx_word' id='word_1_125' title='bbox 1124 3006 1190 3076; x_wconf 86' lang='lat' dir='ltr'><strong>pre</strong></span> <span class='ocrx_word' id='word_1_126' title='bbox 1214 2981 1473 3060; x_wconf 83' lang='lat' dir='ltr'><strong>iestiuitatibus</strong></span> <span class='ocrx_word' id='word_1_127' title='bbox 1489 2990 1572 3063; x_wconf 88' lang='lat' dir='ltr'><strong>bea·</strong></span> 
     </span>
     <span class='ocr_line' id='line_1_19' title="bbox 232 3094 1124 3192; baseline -0.004 -23"><span class='ocrx_word' id='word_1_128' title='bbox 232 3094 364 3171; x_wconf 88' lang='lat' dir='ltr'><strong>tiffima</strong></span> <span class='ocrx_word' id='word_1_129' title='bbox 380 3099 529 3192; x_wconf 76' lang='lat' dir='ltr'><strong>virginis</strong></span> <span class='ocrx_word' id='word_1_130' title='bbox 546 3096 666 3170; x_wconf 90' lang='lat' dir='ltr'><strong>Marie</strong></span> <span class='ocrx_word' id='word_1_131' title='bbox 683 3097 784 3168; x_wconf 91' lang='lat' dir='ltr'><strong>cuius</strong></span> <span class='ocrx_word' id='word_1_132' title='bbox 802 3095 896 3167; x_wconf 87' lang='lat' dir='ltr'><strong>dono</strong></span> <span class='ocrx_word' id='word_1_133' title='bbox 914 3096 1124 3191; x_wconf 78' lang='lat' dir='ltr'><strong>ignoratur·</strong></span> 
     </span>
    </p>

    <p class='ocr_par' dir='ltr' id='par_1_8' title="bbox 231 3205 1572 3753">
     <span class='ocr_line' id='line_1_20' title="bbox 282 3205 1569 3307; baseline 0.002 -22"><span class='ocrx_word' id='word_1_134' title='bbox 282 3210 451 3285; x_wconf 87' lang='lat' dir='ltr'><strong>Secundo</strong></span> <span class='ocrx_word' id='word_1_135' title='bbox 475 3205 599 3281; x_wconf 87' lang='lat' dir='ltr'><strong>fimilis</strong></span> <span class='ocrx_word' id='word_1_136' title='bbox 616 3218 720 3280; x_wconf 82' lang='lat' dir='ltr'><strong>vetus</strong></span> <span class='ocrx_word' id='word_1_137' title='bbox 737 3206 875 3301; x_wconf 91' lang='lat' dir='ltr'><strong>capella</strong></span> <span class='ocrx_word' id='word_1_138' title='bbox 896 3206 1018 3301; x_wconf 92' lang='lat' dir='ltr'><strong>ampla</strong></span> <span class='ocrx_word' id='word_1_139' title='bbox 1036 3217 1201 3279; x_wconf 88' lang='lat' dir='ltr'><strong>veterum</strong></span> <span class='ocrx_word' id='word_1_140' title='bbox 1218 3232 1319 3282; x_wconf 89' lang='lat' dir='ltr'><strong>more</strong></span> <span class='ocrx_word' id='word_1_141' title='bbox 1335 3221 1376 3282; x_wconf 81' lang='lat' dir='ltr'><strong>vt</strong></span> <span class='ocrx_word' id='word_1_142' title='bbox 1393 3209 1498 3307; x_wconf 89' lang='lat' dir='ltr'><strong>supra</strong></span> <span class='ocrx_word' id='word_1_143' title='bbox 1522 3240 1569 3288; x_wconf 91' lang='lat' dir='ltr'><strong>ex</strong></span> 
     </span>
     <span class='ocr_line' id='line_1_21' title="bbox 232 3316 1570 3419; baseline 0.004 -25"><span class='ocrx_word' id='word_1_144' title='bbox 232 3346 321 3397; x_wconf 86' lang='lat' dir='ltr'><strong>auro</strong></span> <span class='ocrx_word' id='word_1_145' title='bbox 338 3320 462 3395; x_wconf 82' lang='lat' dir='ltr'><strong>textili</strong></span> <span class='ocrx_word' id='word_1_146' title='bbox 478 3324 621 3419; x_wconf 78' lang='lat' dir='ltr'><strong>integra</strong></span> <span class='ocrx_word' id='word_1_147' title='bbox 636 3331 761 3393; x_wconf 85' lang='lat' dir='ltr'><strong>tamen</strong></span> <span class='ocrx_word' id='word_1_148' title='bbox 778 3330 817 3392; x_wconf 88' lang='lat' dir='ltr'><strong>et</strong></span> <span class='ocrx_word' id='word_1_149' title='bbox 832 3316 982 3392; x_wconf 89' lang='lat' dir='ltr'><strong>honesta</strong></span> <span class='ocrx_word' id='word_1_150' title='bbox 997 3320 1133 3393; x_wconf 89' lang='lat' dir='ltr'><strong>habeus</strong></span> <span class='ocrx_word' id='word_1_151' title='bbox 1150 3344 1258 3392; x_wconf 75' lang='lat' dir='ltr'><strong>anam</strong></span> <span class='ocrx_word' id='word_1_152' title='bbox 1277 3325 1438 3396; x_wconf 88' lang='lat' dir='ltr'><strong>tunicam</strong></span> <span class='ocrx_word' id='word_1_153' title='bbox 1463 3348 1570 3399; x_wconf 82' lang='lat' dir='ltr'><strong>vnam</strong></span> 
     </span>
     <span class='ocr_line' id='line_1_22' title="bbox 232 3429 1572 3511; baseline 0.003 -4"><span class='ocrx_word' id='word_1_154' title='bbox 232 3436 464 3511; x_wconf 84' lang='lat' dir='ltr'><strong>dalmaticam</strong></span> <span class='ocrx_word' id='word_1_155' title='bbox 477 3444 552 3507; x_wconf 87' lang='lat' dir='ltr'><strong>tres</strong></span> <span class='ocrx_word' id='word_1_156' title='bbox 565 3434 664 3507; x_wconf 82' lang='lat' dir='ltr'><strong>albas</strong></span> <span class='ocrx_word' id='word_1_157' title='bbox 674 3443 749 3505; x_wconf 88' lang='lat' dir='ltr'><strong>tres</strong></span> <span class='ocrx_word' id='word_1_158' title='bbox 759 3431 906 3505; x_wconf 76' lang='lat' dir='ltr'><strong>amittas</strong></span> <span class='ocrx_word' id='word_1_159' title='bbox 918 3455 1001 3504; x_wconf 91' lang='lat' dir='ltr'><strong>cum</strong></span> <span class='ocrx_word' id='word_1_160' title='bbox 1016 3432 1155 3505; x_wconf 90' lang='lat' dir='ltr'><strong>duabus</strong></span> <span class='ocrx_word' id='word_1_161' title='bbox 1165 3429 1266 3505; x_wconf 89' lang='lat' dir='ltr'><strong>stolis</strong></span> <span class='ocrx_word' id='word_1_162' title='bbox 1278 3444 1318 3505; x_wconf 85' lang='lat' dir='ltr'><strong>et</strong></span> <span class='ocrx_word' id='word_1_163' title='bbox 1329 3435 1446 3508; x_wconf 90' lang='lat' dir='ltr'><strong>tribus</strong></span> <span class='ocrx_word' id='word_1_164' title='bbox 1459 3442 1572 3511; x_wconf 89' lang='lat' dir='ltr'><strong>mani-</strong></span> 
     </span>
     <span class='ocr_line' id='line_1_23' title="bbox 231 3540 1570 3646; baseline 0.004 -27"><span class='ocrx_word' id='word_1_165' title='bbox 231 3546 328 3641; x_wconf 87' lang='lat' dir='ltr'><strong>pulis</strong></span> <span class='ocrx_word' id='word_1_166' title='bbox 345 3568 429 3619; x_wconf 91' lang='lat' dir='ltr'><strong>cum</strong></span> <span class='ocrx_word' id='word_1_167' title='bbox 446 3546 613 3618; x_wconf 88' lang='lat' dir='ltr'><strong>omnibus</strong></span> <span class='ocrx_word' id='word_1_168' title='bbox 638 3555 678 3617; x_wconf 91' lang='lat' dir='ltr'><strong>et</strong></span> <span class='ocrx_word' id='word_1_169' title='bbox 694 3540 842 3641; x_wconf 77' lang='lat' dir='ltr'><strong>singulis</strong></span> <span class='ocrx_word' id='word_1_170' title='bbox 867 3542 1026 3616; x_wconf 87' lang='lat' dir='ltr'><strong>eiusdem</strong></span> <span class='ocrx_word' id='word_1_171' title='bbox 1052 3547 1271 3638; x_wconf 87' lang='lat' dir='ltr'><strong>paramentis</strong></span> <span class='ocrx_word' id='word_1_172' title='bbox 1296 3547 1391 3618; x_wconf 87' lang='lat' dir='ltr'><strong>dono</strong></span> <span class='ocrx_word' id='word_1_173' title='bbox 1415 3548 1570 3646; x_wconf 87' lang='lat' dir='ltr'><strong>episcopi</strong></span> 
     </span>
     <span class='ocr_line' id='line_1_24' title="bbox 232 3656 1370 3753; baseline 0.002 -24"><span class='ocrx_word' id='word_1_174' title='bbox 232 3656 435 3733; x_wconf 80' lang='lat' dir='ltr'><strong>Alexandri</strong></span> <span class='ocrx_word' id='word_1_175' title='bbox 453 3682 475 3731; x_wconf 92' lang='lat' dir='ltr'><strong>a</strong></span> <span class='ocrx_word' id='word_1_176' title='bbox 491 3656 729 3753; x_wconf 83' lang='lat' dir='ltr'><strong>Kyninmcnd</strong></span> <span class='ocrx_word' id='word_1_177' title='bbox 745 3658 851 3729; x_wconf 87' lang='lat' dir='ltr'><strong>buius</strong></span> <span class='ocrx_word' id='word_1_178' title='bbox 867 3657 1024 3728; x_wconf 78' lang='lat' dir='ltr'><strong>noquis</strong></span> <span class='ocrx_word' id='word_1_179' title='bbox 1048 3658 1154 3751; x_wconf 89' lang='lat' dir='ltr'><strong>primi</strong></span> <span class='ocrx_word' id='word_1_180' title='bbox 1172 3667 1213 3728; x_wconf 80' lang='lat' dir='ltr'><strong>vt</strong></span> <span class='ocrx_word' id='word_1_181' title='bbox 1230 3659 1370 3731; x_wconf 83' lang='lat' dir='ltr'><strong>fertur·</strong></span> 
     </span>
    </p>

    <p class='ocr_par' dir='ltr' id='par_1_9' title="bbox 231 3765 1571 4205">
     <span class='ocr_line' id='line_1_25' title="bbox 282 3765 1568 3863; baseline 0.005 -22"><span class='ocrx_word' id='word_1_182' title='bbox 282 3769 406 3843; x_wconf 88' lang='lat' dir='ltr'><strong>Tertia</strong></span> <span class='ocrx_word' id='word_1_183' title='bbox 422 3769 492 3841; x_wconf 91' lang='lat' dir='ltr'><strong>alia</strong></span> <span class='ocrx_word' id='word_1_184' title='bbox 508 3779 614 3841; x_wconf 84' lang='lat' dir='ltr'><strong>vetus</strong></span> <span class='ocrx_word' id='word_1_185' title='bbox 630 3765 793 3841; x_wconf 88' lang='lat' dir='ltr'><strong>limiliter</strong></span> <span class='ocrx_word' id='word_1_186' title='bbox 809 3768 948 3863; x_wconf 89' lang='lat' dir='ltr'><strong>capella</strong></span> <span class='ocrx_word' id='word_1_187' title='bbox 963 3792 1009 3840; x_wconf 90' lang='lat' dir='ltr'><strong>ex</strong></span> <span class='ocrx_word' id='word_1_188' title='bbox 1027 3793 1114 3841; x_wconf 91' lang='lat' dir='ltr'><strong>auro</strong></span> <span class='ocrx_word' id='word_1_189' title='bbox 1131 3770 1253 3842; x_wconf 91' lang='lat' dir='ltr'><strong>textili</strong></span> <span class='ocrx_word' id='word_1_190' title='bbox 1271 3771 1408 3845; x_wconf 88' lang='lat' dir='ltr'><strong>babens</strong></span> <span class='ocrx_word' id='word_1_191' title='bbox 1423 3783 1568 3848; x_wconf 84' lang='lat' dir='ltr'><strong>tantum</strong></span> 
     </span>
     <span class='ocr_line' id='line_1_26' title="bbox 231 3878 1571 3974; baseline 0.007 -23"><span class='ocrx_word' id='word_1_192' title='bbox 231 3904 341 3953; x_wconf 80' lang='lat' dir='ltr'><strong>ruam</strong></span> <span class='ocrx_word' id='word_1_193' title='bbox 358 3878 513 3953; x_wconf 84' lang='lat' dir='ltr'><strong>casulam</strong></span> <span class='ocrx_word' id='word_1_194' title='bbox 530 3879 686 3974; x_wconf 90' lang='lat' dir='ltr'><strong>amplam</strong></span> <span class='ocrx_word' id='word_1_195' title='bbox 702 3889 741 3951; x_wconf 88' lang='lat' dir='ltr'><strong>at</strong></span> <span class='ocrx_word' id='word_1_196' title='bbox 758 3879 870 3952; x_wconf 87' lang='lat' dir='ltr'><strong>latam</strong></span> <span class='ocrx_word' id='word_1_197' title='bbox 887 3902 993 3952; x_wconf 85' lang='lat' dir='ltr'><strong>vnam</strong></span> <span class='ocrx_word' id='word_1_198' title='bbox 1020 3880 1231 3954; x_wconf 89' lang='lat' dir='ltr'><strong>tunicellam</strong></span> <span class='ocrx_word' id='word_1_199' title='bbox 1249 3892 1288 3954; x_wconf 92' lang='lat' dir='ltr'><strong>et</strong></span> <span class='ocrx_word' id='word_1_200' title='bbox 1313 3907 1424 3958; x_wconf 85' lang='lat' dir='ltr'><strong>vuam-</strong></span> <span class='ocrx_word' id='word_1_201' title='bbox 1437 3886 1571 3961; x_wconf 88' lang='lat' dir='ltr'><strong>dalma-</strong></span> 
     </span>
     <span class='ocr_line' id='line_1_27' title="bbox 232 3988 1571 4090; baseline 0.007 -27"><span class='ocrx_word' id='word_1_202' title='bbox 232 3995 344 4065; x_wconf 87' lang='lat' dir='ltr'><strong>ticam</strong></span> <span class='ocrx_word' id='word_1_203' title='bbox 361 4014 445 4064; x_wconf 90' lang='lat' dir='ltr'><strong>cum</strong></span> <span class='ocrx_word' id='word_1_204' title='bbox 463 3992 601 4065; x_wconf 91' lang='lat' dir='ltr'><strong>duabus</strong></span> <span class='ocrx_word' id='word_1_205' title='bbox 617 3988 717 4063; x_wconf 88' lang='lat' dir='ltr'><strong>stolis</strong></span> <span class='ocrx_word' id='word_1_206' title='bbox 732 3991 849 4063; x_wconf 91' lang='lat' dir='ltr'><strong>tribus</strong></span> <span class='ocrx_word' id='word_1_207' title='bbox 864 3992 1057 4086; x_wconf 88' lang='lat' dir='ltr'><strong>manipulis</strong></span> <span class='ocrx_word' id='word_1_208' title='bbox 1074 4002 1113 4065; x_wconf 90' lang='lat' dir='ltr'><strong>et</strong></span> <span class='ocrx_word' id='word_1_209' title='bbox 1130 3994 1336 4086; x_wconf 89' lang='lat' dir='ltr'><strong>quindecim</strong></span> <span class='ocrx_word' id='word_1_210' title='bbox 1353 4004 1571 4090; x_wconf 86' lang='lat' dir='ltr'><strong>paramentis</strong></span> 
     </span>
     <span class='ocr_line' id='line_1_28' title="bbox 232 4102 1568 4205; baseline 0.005 -28"><span class='ocrx_word' id='word_1_211' title='bbox 232 4106 280 4177; x_wconf 85' lang='lat' dir='ltr'><strong>dc</strong></span> <span class='ocrx_word' id='word_1_212' title='bbox 290 4128 386 4177; x_wconf 87' lang='lat' dir='ltr'><strong>nono</strong></span> <span class='ocrx_word' id='word_1_213' title='bbox 398 4104 580 4177; x_wconf 85' lang='lat' dir='ltr'><strong>fabricatis</strong></span> <span class='ocrx_word' id='word_1_214' title='bbox 596 4124 679 4175; x_wconf 92' lang='lat' dir='ltr'><strong>cum</strong></span> <span class='ocrx_word' id='word_1_215' title='bbox 692 4103 807 4175; x_wconf 89' lang='lat' dir='ltr'><strong>tribus</strong></span> <span class='ocrx_word' id='word_1_216' title='bbox 824 4102 915 4176; x_wconf 84' lang='lat' dir='ltr'><strong>albis</strong></span> <span class='ocrx_word' id='word_1_217' title='bbox 931 4113 971 4175; x_wconf 90' lang='lat' dir='ltr'><strong>et</strong></span> <span class='ocrx_word' id='word_1_218' title='bbox 983 4105 1122 4177; x_wconf 75' lang='lat' dir='ltr'><strong>amisis</strong></span> <span class='ocrx_word' id='word_1_219' title='bbox 1139 4105 1242 4178; x_wconf 89' lang='lat' dir='ltr'><strong>cuius</strong></span> <span class='ocrx_word' id='word_1_220' title='bbox 1253 4107 1348 4180; x_wconf 89' lang='lat' dir='ltr'><strong>dono</strong></span> <span class='ocrx_word' id='word_1_221' title='bbox 1362 4110 1568 4205; x_wconf 79' lang='lat' dir='ltr'><strong>ignoratur·</strong></span> 
     </span>
    </p>

    <p class='ocr_par' dir='ltr' id='par_1_10' title="bbox 232 4212 1570 4424">
     <span class='ocr_line' id='line_1_29' title="bbox 284 4212 1570 4313; baseline 0.007 -24"><span class='ocrx_word' id='word_1_222' title='bbox 284 4216 423 4301; x_wconf 89' lang='lat' dir='ltr'><strong>Quarto</strong></span> <span class='ocrx_word' id='word_1_223' title='bbox 437 4238 508 4289; x_wconf 88' lang='lat' dir='ltr'><strong>vna</strong></span> <span class='ocrx_word' id='word_1_224' title='bbox 523 4225 668 4289; x_wconf 87' lang='lat' dir='ltr'><strong>tantum</strong></span> <span class='ocrx_word' id='word_1_225' title='bbox 685 4212 804 4288; x_wconf 85' lang='lat' dir='ltr'><strong>casula</strong></span> <span class='ocrx_word' id='word_1_226' title='bbox 815 4225 921 4287; x_wconf 87' lang='lat' dir='ltr'><strong>vetus</strong></span> <span class='ocrx_word' id='word_1_227' title='bbox 934 4239 980 4287; x_wconf 90' lang='lat' dir='ltr'><strong>ex</strong></span> <span class='ocrx_word' id='word_1_228' title='bbox 997 4239 1084 4289; x_wconf 89' lang='lat' dir='ltr'><strong>auro</strong></span> <span class='ocrx_word' id='word_1_229' title='bbox 1097 4217 1220 4289; x_wconf 92' lang='lat' dir='ltr'><strong>textili</strong></span> <span class='ocrx_word' id='word_1_230' title='bbox 1232 4218 1428 4313; x_wconf 92' lang='lat' dir='ltr'><strong>plurimum</strong></span> <span class='ocrx_word' id='word_1_231' title='bbox 1441 4220 1570 4298; x_wconf 83' lang='lat' dir='ltr'><strong>vlitata</strong></span> 
     </span>
     <span class='ocr_line' id='line_1_30' title="bbox 232 4326 1406 4424; baseline 0 -21"><span class='ocrx_word' id='word_1_232' title='bbox 232 4342 274 4403; x_wconf 87' lang='lat' dir='ltr'><strong>et</strong></span> <span class='ocrx_word' id='word_1_233' title='bbox 291 4328 503 4424; x_wconf 85' lang='lat' dir='ltr'><strong>consumpta</strong></span> <span class='ocrx_word' id='word_1_234' title='bbox 518 4326 651 4422; x_wconf 86' lang='lat' dir='ltr'><strong>absque</strong></span> <span class='ocrx_word' id='word_1_235' title='bbox 667 4326 846 4420; x_wconf 87' lang='lat' dir='ltr'><strong>aliquibus</strong></span> <span class='ocrx_word' id='word_1_236' title='bbox 863 4326 1147 4422; x_wconf 86' lang='lat' dir='ltr'><strong>quibuscumque</strong></span> <span class='ocrx_word' id='word_1_237' title='bbox 1163 4334 1381 4423; x_wconf 87' lang='lat' dir='ltr'><strong>paramentis</strong></span> <span class='ocrx_word' id='word_1_238' title='bbox 1397 4373 1406 4391; x_wconf 93' lang='lat'><strong>·</strong></span> 
     </span>
    </p>

    <p class='ocr_par' dir='ltr' id='par_1_11' title="bbox 232 4440 1570 4653">
     <span class='ocr_line' id='line_1_31' title="bbox 285 4440 1570 4535; baseline 0.007 -20"><span class='ocrx_word' id='word_1_239' title='bbox 285 4442 424 4529; x_wconf 86' lang='lat' dir='ltr'><strong>Quinto</strong></span> <span class='ocrx_word' id='word_1_240' title='bbox 441 4464 512 4514; x_wconf 81' lang='lat' dir='ltr'><strong>vna</strong></span> <span class='ocrx_word' id='word_1_241' title='bbox 533 4440 672 4535; x_wconf 88' lang='lat' dir='ltr'><strong>capella</strong></span> <span class='ocrx_word' id='word_1_242' title='bbox 696 4450 800 4512; x_wconf 83' lang='lat' dir='ltr'><strong>vetus</strong></span> <span class='ocrx_word' id='word_1_243' title='bbox 825 4462 871 4511; x_wconf 93' lang='lat' dir='ltr'><strong>ex</strong></span> <span class='ocrx_word' id='word_1_244' title='bbox 896 4462 983 4512; x_wconf 89' lang='lat' dir='ltr'><strong>auro</strong></span> <span class='ocrx_word' id='word_1_245' title='bbox 1008 4440 1132 4513; x_wconf 88' lang='lat' dir='ltr'><strong>textili</strong></span> <span class='ocrx_word' id='word_1_246' title='bbox 1157 4440 1254 4515; x_wconf 68' lang='lat' dir='ltr'><strong>dicta</strong></span> <span class='ocrx_word' id='word_1_247' title='bbox 1275 4442 1500 4519; x_wconf 86' lang='lat' dir='ltr'><strong>Oherbulink</strong></span> <span class='ocrx_word' id='word_1_248' title='bbox 1523 4475 1570 4524; x_wconf 90' lang='lat' dir='ltr'><strong>ex</strong></span> 
     </span>
     <span class='ocr_line' id='line_1_32' title="bbox 232 4550 1569 4653; baseline 0.004 -24"><span class='ocrx_word' id='word_1_249' title='bbox 232 4556 346 4653; x_wconf 87' lang='lat' dir='ltr'><strong>spolio</strong></span> <span class='ocrx_word' id='word_1_250' title='bbox 371 4552 557 4629; x_wconf 78' lang='lat' dir='ltr'><strong>conflittns</strong></span> <span class='ocrx_word' id='word_1_251' title='bbox 580 4552 625 4625; x_wconf 88' lang='lat' dir='ltr'><strong>da</strong></span> <span class='ocrx_word' id='word_1_252' title='bbox 650 4550 920 4626; x_wconf 87' lang='lat' dir='ltr'><strong>Bannokburne</strong></span> <span class='ocrx_word' id='word_1_253' title='bbox 946 4554 1136 4625; x_wconf 85' lang='lat' dir='ltr'><strong>continens</strong></span> <span class='ocrx_word' id='word_1_254' title='bbox 1160 4576 1269 4626; x_wconf 76' lang='lat' dir='ltr'><strong>anam</strong></span> <span class='ocrx_word' id='word_1_255' title='bbox 1295 4578 1444 4652; x_wconf 87' lang='lat' dir='ltr'><strong>cappam</strong></span> <span class='ocrx_word' id='word_1_256' title='bbox 1462 4582 1569 4635; x_wconf 79' lang='lat' dir='ltr'><strong>ruam</strong></span> 
     </span>
    </p>
   </div>
   <div class='ocr_carea' id='block_1_5' title="bbox 0 0 2030 5534">
    <p class='ocr_par' dir='ltr' id='par_1_12' title="bbox 0 0 2030 5534">
     <span class='ocr_line' id='line_1_33' title="bbox 0 0 2030 5534; baseline 0 0"><span class='ocrx_word' id='word_1_257' title='bbox 0 0 2030 5534; x_wconf 95' lang='lat' dir='ltr'><strong> </strong></span> 
     </span>
    </p>
   </div>
  </div>
 </body>
</html>
