4050 5534
432 647 503 710 118
956 635 1263 710 REGISTRUM
1613 641 1763 736 [secum

430 839 641 932 Itemquod
664 841 892 934 intempore
918 831 1213 932 quadragesimali
1238 859 1313 910 non
1338 835 1497 910 habeant
1522 840 1643 932 vicarij
1667 839 1763 912 chori

430 952 507 1023 dies
524 949 749 1046 synodaticos
766 949 828 1023 sed
845 952 942 1044 quod
968 945 1118 1044 singulis
1136 949 1192 1022 his
1218 951 1345 1022 diebus
1370 971 1435 1042 pro
1452 973 1578 1024 eorum
1595 949 1764 1044 absentijs

430 1072 638 1157 puneantur
652 1058 758 1135 sicuti
775 1063 814 1134 in
832 1057 930 1134 sestis
953 1061 1156 1156 duplicibus
1173 1101 1183 1117 ·
1202 1061 1253 1134 Et
1269 1063 1366 1156 quod
1382 1059 1482 1134 missa
1499 1064 1545 1136 de
1563 1064 1703 1158 jeinnio
1720 1063 1765 1135 ab

430 1172 563 1248 eisdem
584 1175 792 1246 solemniter
808 1197 892 1246 cum
909 1184 1021 1248 cantu
1038 1173 1244 1246 celebretur
1265 1177 1311 1246 ad
1337 1172 1519 1247 summum
1536 1175 1650 1248 altare
1668 1177 1764 1247 omni

430 1290 490 1360 die
506 1289 670 1382 exceptis
699 1287 889 1359 dominicis
904 1311 927 1359 a
943 1288 1062 1380 capite
1089 1287 1214 1380 ieiunij
1241 1281 1415 1360 incluliue
1445 1285 1554 1382 vsque
1576 1289 1623 1362 ad
1640 1309 1766 1360 cenam

432 1401 569 1472 domini
587 1393 771 1472 exelufiue
788 1435 797 1454 ·

433 1600 530 1672 Item
547 1601 644 1693 quod
659 1607 908 1693 procuratores
936 1599 1150 1670 vicariorum
1179 1593 1327 1694 singulis
1344 1583 1448 1672 annis
1470 1599 1629 1672 habeant
1657 1597 1768 1672 facul·

432 1722 546 1784 tatem
573 1735 638 1805 pro
658 1711 817 1806 negociis
835 1710 1047 1781 vicariorum
1075 1720 1114 1782 ct
1143 1733 1268 1782 eorum
1298 1711 1427 1783 annuis
1449 1706 1613 1784 censibus
1638 1713 1768 1806 impor-

433 1826 553 1896 tandis
571 1847 635 1919 pro
652 1824 770 1895 tribus
786 1819 993 1915 septimanis
1024 1823 1233 1894 immediate
1261 1819 1341 1917 post
1357 1823 1557 1916 quemlibet
1573 1826 1769 1896 terminum

433 1933 685 2033 penthecostes
703 1945 742 2008 et
767 1930 878 2007 saneti
906 1933 1061 2007 Martini
1090 1935 1177 2006 bina
1194 1935 1252 2007 die
1277 1937 1316 2006 in
1342 1935 1505 2028 qualibet
1532 1933 1770 2030 septimanae

434 2047 575 2122 summa
590 2044 692 2121 missa
709 2047 887 2119 duntaxat
905 2087 914 2104 ·

435 2273 533 2347 Item
562 2275 658 2368 quod
685 2297 757 2344 non
787 2281 977 2345 cantantes
1006 2273 1045 2342 in
1073 2271 1181 2344 choro
1208 2282 1246 2344 et
1275 2273 1446 2367 priuatim
1477 2271 1703 2346 celebrantes
1732 2275 1769 2346 in

435 2389 563 2460 eodem
586 2395 761 2457 notentur
789 2392 827 2455 et
854 2383 1077 2456 multtentur
1107 2393 1279 2478 tanquam
1296 2382 1462 2457 absentes
1478 2385 1524 2457 ab
1541 2385 1668 2458 eadem
1684 2386 1771 2458 bora

436 2508 475 2572 et
492 2501 588 2592 quod
605 2497 727 2568 nullus
745 2495 904 2567 celebret
932 2491 1051 2567 missas
1080 2497 1125 2568 ad
1146 2493 1325 2568 summum
1343 2496 1457 2570 altare
1482 2497 1540 2568 vel
1557 2497 1671 2570 altare
1688 2498 1772 2571 diue

436 2612 584 2706 virginis
611 2612 715 2680 iuxta
730 2604 910 2679 summum
926 2607 1042 2680 altare
1069 2617 1231 2703 tempore
1257 2607 1396 2680 summe
1426 2605 1526 2682 misse
1542 2618 1607 2682 aut
1622 2613 1773 2683 matuti-

436 2746 564 2796 uarum
581 2723 676 2816 quod
693 2743 763 2813 que
793 2720 955 2792 canonici
974 2729 1012 2791 et
1031 2722 1150 2814 vicarij
1182 2721 1281 2793 chori
1311 2729 1461 2794 utantur
1486 2721 1672 2795 habitibus
1688 2747 1773 2796 con·

437 2836 546 2909 suetis
570 2844 734 2928 tempore
761 2834 929 2928 horarum
952 2856 1017 2926 pro
1046 2832 1221 2926 qualitate
1251 2835 1423 2928 temporis
1453 2835 1558 2906 iuxta
1584 2835 1772 2928 antiquam

436 2948 733 3022 consuetudinem
751 2943 815 3017 sub
831 2969 927 3040 pena
942 2941 1134 3018 amiffionis
1164 2945 1260 3018 illius
1284 2946 1371 3018 hore
1394 2969 1466 3039 qua
1492 2941 1567 3019 fine
1590 2947 1773 3020 habitibus

436 3062 604 3158 congruis
622 3059 730 3131 choro
748 3058 915 3130 interfuit
932 3098 941 3114 ·

438 3287 535 3359 Item
553 3287 648 3379 quod
667 3284 854 3356 annuatim
885 3291 1012 3374 quater
1033 3284 1071 3353 in
1100 3305 1196 3354 anno
1223 3291 1286 3354 aut
1314 3282 1447 3376 pluries
1469 3291 1577 3375 prout
1603 3286 1772 3376 expedire

438 3399 620 3471 videbitur
636 3396 700 3468 fiat
717 3392 874 3467 visitatio
902 3404 940 3466 et
967 3394 1137 3466 correctio
1162 3395 1414 3466 canonicorum
1437 3405 1482 3466 'et
1508 3393 1773 3489 capellanorum

438 3523 514 3584 tam
532 3497 577 3582 de
594 3509 858 3580 incontinentia
874 3509 1031 3601 corporis
1048 3529 1155 3600 quam
1173 3507 1218 3578 de
1241 3506 1319 3600 alijs
1342 3502 1540 3579 exceffibus
1566 3517 1604 3580 et
1630 3509 1776 3582 defesi-

438 3625 507 3697 bus
524 3632 563 3695 et
587 3622 713 3693 hocin
729 3644 801 3692 vna
826 3621 915 3692 feria
939 3628 1094 3712 quatuor
1123 3629 1327 3713 temporum
1353 3642 1419 3712 per
1440 3615 1683 3712 presidentem
1711 3646 1775 3717 pro

439 3745 602 3829 tempore
613 3733 800 3828 eligenda·
815 3741 853 3802 et
867 3733 962 3825 quod
973 3733 1011 3802 in
1026 3731 1186 3826 qualibet
1198 3731 1287 3804 seria
1298 3741 1426 3823 quarta
1436 3733 1612 3804 ditiorum
1622 3745 1775 3825 quatuor

439 3858 644 3940 temporum
662 3845 752 3916 fiant
780 3843 902 3938 vigilie
927 3853 1150 3916 mortuorum
1168 3867 1252 3916 cum
1269 3842 1369 3916 milla
1383 3841 1533 3916 solemni
1559 3845 1596 3918 in
1622 3845 1776 3920 crastino

440 3970 478 4033 et
496 3959 648 4053 quilibet
665 3958 858 4029 canonicus
875 3957 920 4028 ab
937 3952 1071 4027 eisdem
1097 3952 1223 4028 absens
1252 3953 1368 4028 soluat
1397 3957 1587 4030 duodecim
1613 3958 1776 4034 denarios

440 4083 479 4146 et
505 4071 659 4166 quilibet
686 4068 894 4162 capellanus
916 4068 1014 4139 chori
1045 4077 1200 4160 quatuor
1230 4069 1393 4140 denarios
1416 4092 1481 4163 per
1506 4079 1774 4163 procuratorem

440 4205 669 4258 communem
687 4180 837 4274 capituli
855 4188 893 4252 et
910 4181 1125 4252 vicariorum
1141 4179 1338 4274 respeuiue
1357 4179 1628 4274 importandos·

440 4409 537 4480 Item
555 4407 652 4501 quod
669 4405 771 4478 locus
788 4406 1002 4477 vicariorum
1021 4405 1066 4478 de
1083 4427 1178 4476 nouo
1196 4401 1420 4480 construt'cus
1436 4402 1585 4481 honeste
1602 4404 1777 4484 custodia·
