4050 5534
451 653 518 723 169
966 646 1272 725 REGISTRUM
1632 650 1783 746 [arcum

449 873 532 923 oum
549 850 728 945 lapidibus
745 890 753 911 ·
772 846 926 923 Restant
950 851 989 923 in
1014 861 1095 923 toto
1120 870 1203 921 oum
1227 846 1375 923 custode
1398 847 1617 922 thesauraria
1633 851 1681 923 de
1697 850 1787 944 lapi-

450 964 555 1036 dibus
569 958 736 1058 preciofis
752 964 790 1036 xi
809 962 946 1057 lapides
962 1002 971 1021 ·
989 962 1025 1033 u
1038 960 1138 1035 Item
1153 960 1201 1034 de
1216 961 1313 1035 dier
1327 962 1438 1035 mitra
1448 963 1488 1033 in
1501 958 1590 1033 cista
1605 963 1789 1034 eommuni

451 1100 521 1148 vna
537 1076 640 1169 peoia
655 1074 760 1148 valde
777 1070 936 1168 pretiosa
952 1076 998 1147 ad
1014 1073 1165 1145 modam
1180 1074 1287 1145 vuius
1302 1072 1401 1146 doris
1416 1096 1501 1146 oum
1516 1096 1650 1169 magno
1672 1074 1790 1167 lapide

450 1189 561 1260 rubeo
578 1188 616 1259 in
634 1186 754 1259 medio
771 1196 810 1259 et
826 1181 888 1259 sex
913 1185 1094 1281 lapidibus
1110 1188 1149 1256 in
1165 1186 1470 1281 circumferenoijs
1486 1224 1496 1243 ·
1513 1185 1549 1256 u
1562 1184 1661 1259 Item
1678 1208 1789 1256 vnum

358 1363 359 1367 ,
451 1322 515 1393 par
539 1300 809 1373 ceretheoarum
827 1321 891 1394 pro
907 1297 1074 1393 episeopo
1090 1320 1175 1371 eum
1200 1297 1342 1369 duobus
1365 1296 1540 1371 iooalibus
1564 1296 1791 1391 ymaginibus

452 1410 653 1485 santtorum
691 1410 819 1483 Jaoobi
852 1420 891 1483 et
924 1409 1103 1483 lobannis
1136 1406 1283 1481 inolufis
1323 1420 1363 1481 et
1404 1412 1444 1481 in
1486 1410 1791 1500 oiroumferenoijs

452 1524 631 1597 deauratis
648 1544 775 1595 rerum
796 1544 907 1595 vnum
925 1522 1108 1615 perditum
1124 1543 1190 1615 per
1205 1520 1393 1593 dominmu
1409 1516 1572 1593 nostram
1588 1518 1790 1593 llenrioam

452 1634 658 1731 episcopum
677 1630 947 1708 Morauiensem
965 1673 973 1691 ·
991 1632 1027 1703 u
1040 1632 1138 1707 ltem
1154 1655 1248 1705 vaus
1263 1654 1416 1729 magnus
1427 1633 1584 1707 mnulus
1604 1656 1736 1705 aureus
1752 1645 1790 1703 et

451 1747 622 1821 notabilis
646 1756 793 1821 tantum
820 1768 883 1841 pro
910 1740 1075 1841 episeopo
1094 1748 1317 1820 oonaeniens
1337 1768 1423 1819 oum
1438 1768 1571 1841 magno
1595 1742 1737 1839 saphiro
1753 1756 1793 1816 et

451 1860 630 1954 lapidibus
663 1853 829 1953 preoiofis
859 1852 1005 1931 inclusis
1038 1858 1146 1932 datus
1177 1881 1243 1954 per
1271 1858 1526 1933 Alexandrum
1559 1854 1791 1953 episeopum·

450 1972 486 2042 u
519 1970 615 2044 Item
653 1974 724 2043 duo
761 1968 880 2043 baculi
919 1966 1114 2064 pastorales
1147 1971 1195 2045 de
1231 1984 1382 2067 argento
1415 1992 1570 2065 quorum
1604 1992 1697 2043 rnna
1737 1967 1790 2040 est

452 2086 645 2159 deauratus
672 2123 681 2141 ·
707 2094 746 2155 et
770 2092 880 2176 eaput
901 2080 1052 2155 alterius
1075 2083 1195 2155 baouli
1213 2083 1425 2157 deauratum
1450 2123 1459 2140 ·
1477 2093 1517 2155 et
1533 2081 1662 2155 melior
1678 2082 1785 2153 baou-

452 2196 508 2269 lus
534 2198 641 2269 datus
658 2218 723 2289 per
738 2192 989 2267 Alexandrum
1007 2192 1214 2291 episeopum
1231 2236 1239 2255 ·
1258 2196 1294 2266 u
1310 2194 1409 2268 ltem
1430 2195 1503 2268 duo
1519 2206 1646 2268 textus
1662 2218 1781 2266 evran-

451 2309 628 2405 geliorum
645 2330 738 2379 unus
764 2306 810 2377 de
826 2315 978 2401 argento
994 2307 1189 2381 deauratus
1205 2318 1244 2380 et
1268 2307 1361 2382 alius
1377 2309 1423 2381 de
1439 2308 1618 2381 audoalw
1643 2309 1791 2380 deaura-

450 2434 511 2495 tus
536 2441 690 2513 quorum
714 2440 808 2491 unua
837 2428 936 2491 earet
965 2420 1133 2515 ymagine
1160 2420 1267 2493 beate
1294 2422 1442 2515 virginis
1468 2460 1477 2477 ·
1504 2419 1602 2492 ltem
1631 2422 1809 2513 quinque,

450 2645 567 2719 serata
580 2686 589 2703 ·
603 2643 639 2714 u
654 2641 752 2715 Item
762 2638 825 2714 sex
838 2652 965 2737 augete
975 2665 1107 2739 magne
1117 2666 1271 2736 quamn
1280 2666 1353 2717 rna
1363 2644 1435 2716 fait
1445 2640 1617 2716 distrutta
1628 2656 1791 2738 tempore

450 2756 687 2853 'l'ynyngham
715 2753 958 2827 arohidiaaoni
985 2794 993 2811 ·
1022 2754 1182 2827 {sltem
1209 2780 1231 2829 a
1256 2767 1339 2852 gret
1362 2754 1500 2828 ledron
1525 2779 1610 2828 oum
1637 2768 1792 2850 quatuor

449 2868 672 2943 candelabris
683 2853 780 2940 'oreis
797 2866 938 2962 magnis
955 2869 1001 2940 de
1017 2867 1215 2941 donatione
1232 2868 1369 2940 domini
1386 2866 1590 2941 Alexandri
1607 2867 1764 2963 episeopi
1781 2909 1789 2924 ·

449 2984 483 3054 (l
493 2981 590 3055 Item
599 2982 672 3053 duo
682 2988 895 3053 ornamenta
907 3000 972 3073 pro
985 2979 1139 3074 pedibus
1150 2976 1270 3051 sande
1280 2978 1397 3051 oruois
1409 3001 1493 3052 cum
1505 2979 1646 3051 duobus
1656 2977 1792 3052 cristal-

364 3158 366 3161 .
448 3090 1144 3185 liudiItemquatuoraliaoandelabra
1155 3092 1325 3184 antiqua·
1338 3088 1564 3163 alemano
1577 3092 1793 3164 candelabra

449 3231 513 3302 pro
530 3228 661 3301 magno
679 3203 785 3278 altari
799 3204 845 3275 de
858 3203 1055 3276 donatione
1065 3199 1226 3299 magistri
1244 3201 1396 3275 Heurioi
1409 3201 1540 3296 Rynde
1557 3203 1791 3299 thesaurarij·

450 3316 592 3389 llItem
605 3315 878 3389 memorandum
897 3315 993 3407 quod
1008 3314 1191 3387 Hearious
1204 3317 1250 3388 de
1262 3313 1430 3409 Lyebton
1440 3313 1626 3411 episeopus
1636 3314 1795 3387 Abirdo-

414 3510 418 3519 ,
450 3426 569 3501 nensis
586 3426 744 3501 eontulit
770 3426 938 3499 incudem
958 3448 1126 3522 magnam
1152 3422 1302 3500 ecclesie
1326 3438 1365 3499 et
1393 3429 1576 3502 canonicis
1599 3430 1717 3521 primo
1734 3431 1793 3501 die

448 3542 611 3635 Januarij
649 3537 783 3636 [anno]
813 3538 962 3611 Domini
990 3534 1182 3611 millesimo
1219 3536 1570 3635 quadringentesimo
1608 3536 1792 3635 trigesimo

449 3652 602 3748 septimo
619 3692 627 3709 ·
646 3650 742 3723 Item
762 3673 833 3722 vna
850 3649 1024 3721 oatbedra
1040 3650 1157 3723 ferrea
1174 3692 1182 3708 ·
1201 3651 1300 3724 Item
1317 3676 1341 3724 a
1356 3648 1509 3724 orassent
1526 3665 1587 3725 eto
1604 3694 1613 3710 ·

745 3988 805 4059 Dn
823 4009 943 4060 umas
963 4006 1010 4059 aa
1027 4008 1241 4061 couruums
1258 4010 1300 4059 1n
1319 4009 1450 4060 annau
1469 4029 1476 4043 ·

448 4218 634 4312 Inprimis
659 4214 696 4285 in
722 4210 930 4286 summitate
947 4214 1057 4284 mitre
1074 4214 1113 4283 in
1138 4223 1242 4306 parte
1258 4215 1440 4285 anteriore
1456 4215 1519 4306 xiij
1537 4213 1670 4307 peyrlis
1695 4217 1790 4285 circa

496 4329 530 4401 le
547 4325 753 4420 aueamilyn
773 4361 781 4377 ·

447 4440 543 4513 Item
560 4442 598 4510 in
613 4438 905 4510 oiraumferentia
922 4434 1163 4509 discendendo
1173 4460 1196 4508 a
1206 4434 1416 4509 summitate
1426 4462 1449 4509 a
1462 4437 1614 4509 dextero
1631 4437 1788 4509 eiusdem

419 4610 424 4619 .
494 4551 607 4625 latere
621 4550 671 4641 xij
690 4534 837 4642 saphiris
855 4550 894 4641 xj
912 4550 1073 4643 gematis
1090 4560 1129 4621 et
1148 4549 1209 4641 viij
1228 4571 1386 4642 pavones
1403 4547 1563 4621 eiusdem
1581 4551 1730 4622 lateris·
