4050 5534
381 691 426 754 14
890 675 1195 754 REGISTRUM
1558 681 1711 778 [sucum

376 883 532 974 aliquem
557 901 662 952 cruce
679 875 856 974 signatum
871 875 933 948 seu
950 876 1123 948 clericum
1140 887 1286 971 captum
1303 901 1368 971 pro
1384 879 1577 950 homicidio
1602 881 1714 974 preda

378 994 564 1066 latrocinio
597 995 755 1064 maxime
784 987 811 1062 sr
840 987 944 1083 super
975 989 1046 1084 hijs
1079 989 1264 1083 maleficijs
1297 991 1433 1062 brerint
1466 991 1638 1065 defamati
1666 994 1713 1064 de

378 1107 543 1179 manibus
574 1104 790 1178 balliuorum
820 1103 991 1174 laicorum
1019 1103 1178 1194 requirat
1206 1097 1281 1175 fine
1309 1099 1400 1174 iussu
1429 1114 1469 1176 et
1497 1101 1714 1177 conscientia

379 1215 533 1313 episcopi
557 1217 795 1290 archidiaconi
812 1214 870 1286 vel
889 1215 1015 1286 decani
1040 1215 1110 1286 loci
1134 1214 1232 1286 illius
1248 1216 1309 1288 vbi
1324 1215 1436 1288 fuerit
1451 1218 1685 1309 requirendus
1702 1259 1711 1272 ·

378 1330 606 1426 prohibemns
634 1329 744 1400 etiam
769 1350 816 1400 ne
843 1325 956 1398 laicus
981 1321 1159 1397 fideiussor
1182 1327 1390 1400 inueniatur
1414 1329 1510 1423 apud
1536 1328 1712 1401 balliunm

379 1443 510 1515 laicum
523 1465 587 1536 pro
600 1441 728 1512 talium
741 1449 927 1535 captorum
941 1438 1174 1510 liberatione·
1186 1435 1492 1533 statuentesquod
1505 1442 1713 1514 detentores

379 1555 507 1628 talium
532 1550 881 1649 priuilegi[at]orum
904 1547 1093 1646 postquam
1110 1553 1282 1624 canonice
1305 1553 1436 1624 moniti
1452 1553 1588 1626 fuerint
1604 1563 1643 1625 et
1659 1577 1715 1624 re-

380 1663 500 1761 quisiti
517 1667 652 1738 suerint
671 1665 716 1737 ad
738 1663 988 1737 liberationem
1005 1664 1201 1736 eorundem
1217 1687 1284 1758 per
1298 1661 1483 1738 censuram
1505 1661 1714 1738 ecclesiasti-

381 1802 459 1852 cam
476 1776 740 1873 compellantur
760 1821 768 1836 ·

825 1996 1016 2072 XXVIII.
1043 1998 1102 2070 De
1118 2000 1244 2071 eodem
1265 2043 1274 2060 ·

383 2227 584 2300 Statuimus
611 2225 721 2296 etiam
748 2222 897 2296 clericos
925 2225 962 2294 in
985 2220 1148 2316 quolibet
1175 2223 1301 2296 ordine
1323 2225 1369 2296 ab
1391 2220 1540 2298 ecclesia
1560 2223 1631 2298 esse
1654 2227 1715 2298 de-

382 2339 579 2411 fendendos
596 2336 710 2407 donec
727 2336 898 2430 exigente
914 2331 1054 2407 iusticia
1075 2345 1223 2429 propter
1244 2336 1508 2409 immanitatem
1524 2340 1713 2410 criminum

383 2448 590 2542 asusceptis
615 2447 799 2518 ordinibus
824 2447 1092 2542 degradentur·
1110 2457 1149 2518 et
1170 2469 1218 2518 ne
1239 2447 1417 2521 maleficia
1440 2449 1622 2522 transeant
1648 2453 1717 2520 im·

381 2563 510 2658 punita
526 2563 563 2631 in
580 2557 764 2652 maleficijs
777 2554 986 2652 deprehensi
1003 2567 1068 2630 aut
1084 2555 1263 2632 manifesti
1279 2561 1433 2632 conuidti
1449 2563 1545 2634 ardte
1556 2559 1716 2635 custodie

382 2675 534 2746 omceris
561 2668 747 2765 dyocesani
769 2693 877 2764 quem
898 2671 1052 2763 quilibet
1079 2667 1263 2767 episcopus
1291 2671 1424 2744 babere
1450 2682 1597 2746 tenetur
1622 2673 1716 2746 tales

382 2785 503 2859 clerici
520 2783 819 2876 commendentur
834 2805 876 2856 ac
893 2805 986 2877 pane
1004 2783 1135 2855 doloris
1152 2791 1191 2854 et
1208 2806 1301 2876 aqua
1315 2784 1558 2858 tribulationis
1580 2785 1715 2858 ibidem

382 2895 627 2970 sustententur
644 2918 690 2967 ne
706 2895 801 2966 fame
818 2896 877 2966 vel
893 2892 952 2968 siti
969 2897 1007 2967 in
1024 2918 1167 2968 carcerc
1183 2891 1401 2968 suffocentur
1417 2938 1426 2954 ·

861 3117 1013 3190 XXIX.
1041 3117 1099 3190 De
1115 3119 1213 3213 serijs
1229 3159 1238 3176 ·

383 3347 586 3418 Statuimus
611 3343 722 3415 etiam
739 3342 835 3435 quod
853 3341 899 3415 de
915 3352 1037 3415 cetero
1062 3342 1196 3437 placita
1211 3339 1383 3418 secularia
1397 3347 1435 3416 in
1453 3346 1579 3419 diebus
1603 3348 1717 3420 domi-

382 3459 472 3530 nicis
489 3479 531 3528 ac
545 3457 582 3526 in
595 3454 675 3547 alijs
692 3448 949 3526 sestiuitatibus
966 3450 1207 3550 solempnibus
1223 3456 1373 3528 minime
1388 3467 1583 3531 teneantm
1598 3485 1716 3554 neque

381 3573 420 3641 in
436 3565 593 3660 ecclesijs
619 3567 803 3659 cimiterijs
820 3576 885 3638 aut
901 3566 979 3660 alije
1004 3567 1093 3639 loeis
1109 3566 1190 3639 Deo
1218 3567 1392 3642 dedicatis
1417 3570 1505 3644 talia
1528 3570 1661 3667 placita
1676 3587 1718 3646 et

383 3681 539 3752 maxime
562 3675 666 3750 cause
692 3673 904 3773 sanguinum
929 3687 993 3750 aut
1018 3679 1221 3752 criminales
1243 3701 1308 3773 per
1326 3677 1556 3776 quoscunque
1579 3685 1717 3758 iudices

383 3791 558 3865 seculares
574 3789 663 3862 locis
680 3797 743 3860 aut
760 3789 983 3882 temporibus
998 3791 1166 3884 predidtis
1182 3793 1389 3886 agitentur·

438 4013 569 4087 XXX.
596 4012 652 4086 Vt
670 4011 855 4085 libertates
871 4008 1021 4086 ecclesie
1036 4009 1110 4087 sine
1126 4017 1366 4089 diminutione
1383 4017 1639 4094 conseruentur
1655 4065 1663 4078 ·

383 4241 585 4314 Statuimus
614 4239 725 4310 etiam
754 4238 849 4331 quod
878 4236 970 4310 nulli
999 4241 1231 4332 permittatur
1259 4241 1393 4315 violare
1423 4254 1488 4317 ant
1515 4246 1718 4321 diminuere

381 4354 568 4426 libertates
597 4348 658 4422 seu
688 4351 937 4424 immunitates
966 4360 1005 4424 et
1034 4348 1308 4426 consuetudines
1336 4357 1567 4430 rationabiles
1595 4383 1719 4433 rerum

381 4472 445 4537 aut
474 4458 703 4557 personarum
733 4457 1049 4536 ecclesiasticarum
1079 4463 1253 4538 haetenus
1287 4465 1492 4541 obseruatus
1521 4493 1563 4543 ac
1592 4471 1720 4546 diuino

378 4579 456 4648 iure
474 4572 532 4646 vel
548 4573 706 4646 hnmano
722 4569 911 4646 salubriter
926 4585 964 4647 et
980 4576 1245 4651 rationabiliter
1259 4579 1480 4654 introdndas
1496 4620 1506 4637 ·
