4050 5534
462 662 531 727 182
979 648 1285 721 REGISTRUM
1645 652 1800 747 [secum

512 854 655 927 Monila
671 854 746 927 auri
776 874 859 923 cum
888 850 1004 923 tribus
1026 849 1147 921 rubeis
1162 856 1202 919 et
1227 849 1366 921 duabus
1394 852 1605 945 margaretis
1629 851 1799 945 ponderis

461 968 612 1039 duarum
629 969 814 1038 vnoiarum
831 986 914 1037 cum
932 962 1129 1063 dimediata
1145 970 1186 1031 rt
1201 956 1365 1033 all'eritur
1380 962 1475 1034 dono
1491 965 1595 1035 cuins
1611 964 1798 1059 ignoratur

461 1076 521 1149 sed
538 1075 779 1170 cuiuscunque
796 1076 866 1147 fuit
883 1075 971 1145 daus
981 1071 1192 1145 misereatur
1207 1074 1327 1145 anima
1342 1070 1405 1146 sue
1422 1116 1431 1131 ·

502 1188 674 1261 Annulus
692 1188 832 1283 argenti
846 1208 929 1257 cum
940 1207 1071 1281 magno
1089 1187 1208 1278 capite
1230 1186 1355 1257 uiridia
1372 1186 1500 1258 coloris
1517 1189 1709 1260 continens
1722 1198 1798 1259 tras

461 1324 589 1395 paruas
598 1303 782 1395 ymagines
795 1298 955 1371 crucifixi
974 1299 1059 1369 diue
1077 1298 1225 1392 virginis
1238 1295 1358 1369 Maria
1371 1308 1410 1369 et
1423 1300 1498 1370 diui
1510 1300 1689 1372 lobannis
1701 1302 1797 1371 dono

460 1417 562 1487 cuius
579 1410 742 1485 similiter
757 1414 943 1508 ignoratur
958 1410 1126 1503 ponderis
1141 1410 1254 1481 trium
1266 1410 1474 1502 quartarum
1490 1414 1595 1485 vncie
1611 1454 1620 1469 ·

510 1528 653 1599 Tertius
670 1524 825 1599 annulus
850 1524 990 1619 argenti
1007 1544 1092 1595 cum
1104 1522 1260 1615 quodam
1277 1523 1395 1615 lapide
1412 1526 1537 1619 ignoto
1559 1526 1692 1596 modici
1708 1548 1798 1619 pou·

461 1642 554 1713 deris
580 1642 618 1709 in
636 1638 846 1709 memoriam
857 1645 1022 1707 veterum
1040 1636 1324 1706 inuentariorum
1342 1676 1351 1693 ·

502 1750 602 1823 me
621 1752 761 1845 argenti
788 1750 959 1820 deaurata
984 1769 1092 1841 opere
1119 1745 1366 1819 Ibernicorum
1385 1750 1502 1821 tribus
1518 1749 1697 1843 lapidibus
1723 1774 1797 1822 non

461 1865 577 1936 dicam
590 1858 756 1957 preciosis
769 1862 806 1933 in
820 1857 965 1954 capsula
976 1854 1114 1931 inclusa
1125 1858 1246 1953 lignea
1262 1860 1430 1951 ponderis
1446 1862 1597 1932 duarum
1610 1864 1798 1935 vnciarum

460 2000 542 2048 cum
560 1985 687 2068 quarta
704 1982 805 2067 parte
822 1974 927 2043 vncie
944 2010 953 2029 ·

509 2088 704 2160 Brachium
734 2087 808 2157 diui
835 2080 1044 2179 Fergufiani
1068 2092 1219 2179 argento
1245 2094 1456 2177 coopertum
1485 2082 1617 2179 absque
1642 2083 1797 2159 hostiolo

459 2224 542 2272 cum
560 2200 739 2292 aliquibus
757 2196 934 2292 lapidibus
947 2192 1008 2267 sed
1019 2194 1144 2289 quales
1156 2197 1342 2291 ignoratur
1415 2198 1583 2291 ponderis
1594 2200 1798 2273 obtodecim

461 2315 739 2385 vnciarumcum
752 2308 948 2380 dimediata
1066 2308 1226 2381 creditur
1235 2308 1429 2382 deuotione
1438 2312 1562 2404 populi
1575 2324 1639 2383 aut
1649 2316 1799 2386 maone

461 2427 505 2496 de
517 2424 665 2517 Skeyne
678 2431 742 2495 aut
756 2419 866 2514 Dyise
883 2419 1058 2491 donatum
1075 2473 1085 2493 .

467 2558 473 2571 ·
510 2536 628 2609 Parus
638 2530 874 2605 monstrantia
886 2534 1028 2627 argenti
1045 2532 1217 2605 deaurata
1232 2534 1335 2604 cuius
1351 2531 1510 2628 superior
1529 2558 1610 2629 pars
1627 2540 1799 2612 amicitur

461 2644 617 2720 cristallo
635 2668 718 2720 cum
736 2644 915 2738 aliquibus
931 2644 1091 2738 reliquijs
1103 2644 1304 2717 sannorum
1317 2648 1355 2715 in
1366 2647 1493 2719 eodem
1511 2657 1551 2718 vt
1565 2650 1625 2742 pie
1637 2653 1800 2725 creditur

459 2760 627 2855 ponderis
655 2780 737 2831 curn
763 2754 920 2829 cristallo
946 2766 985 2827 ct
1010 2756 1170 2851 reliquijs
1187 2758 1267 2827 otto
1285 2759 1470 2829 vnoiamm
1491 2782 1574 2831 cum
1599 2762 1799 2838 dimediata

460 2896 544 2945 cum
561 2870 643 2945 otto
656 2870 835 2965 lapidibus
851 2872 889 2941 iu
907 2870 1197 2941 circumferentia
1214 2908 1222 2925 ·

502 2985 585 3057 Due
611 3006 741 3057 corone
758 2984 897 3077 argenti
923 2979 1028 3075 super
1045 2983 1165 3075 capita
1187 2984 1396 3077 ymaginum
1414 2985 1498 3056 diue
1515 2989 1663 3082 virginis
1675 3000 1715 3060 et
1731 2990 1798 3084 filij

460 3101 537 3169 eius
563 3120 646 3171 cum
668 3094 852 3168 nonnullis
877 3094 1055 3189 lapidibus
1072 3094 1213 3165 vitrinis
1239 3104 1278 3165 vt
1303 3106 1453 3189 apparet
1477 3099 1644 3190 ponderis
1667 3104 1799 3197 viginti

460 3232 673 3282 rncrarum.

496 3323 606 3417 Lapis
623 3320 837 3394 cristallinus
850 3343 914 3414 pro
937 3322 1029 3415 pede
1045 3320 1222 3414 ymaginis
1240 3319 1495 3414 deargentatas
1512 3346 1596 3393 cum
1613 3323 1693 3418 alijs
1711 3328 1800 3399 duo-

460 3436 526 3507 bus
544 3434 722 3529 lapidibus
740 3430 941 3505 cristallinis
959 3434 1003 3505 ad
1022 3434 1178 3505 eundem
1196 3430 1363 3503 offertum
1381 3472 1389 3488 ·

506 3546 607 3618 Pixis
625 3547 783 3617 eburnea
800 3569 883 3618 cum
901 3545 1094 3617 laminibus
1110 3544 1251 3639 argenti
1269 3566 1317 3613 ex
1335 3552 1490 3635 quatuor
1514 3547 1655 3641 angulis
1671 3575 1799 3623 carens

458 3660 578 3731 medio
595 3660 817 3751 coopertorio
836 3698 843 3715 ·

500 3770 627 3843 Vnum
639 3770 676 3864 ly
690 3771 779 3843 vche
791 3772 930 3865 argenti
949 3770 1111 3842 deaurati
1121 3792 1185 3861 pro
1203 3770 1346 3862 pedore
1359 3770 1464 3840 vnius
1476 3794 1589 3865 cappe
1606 3780 1799 3851 continens

460 3888 497 3956 in
515 3908 663 3977 corpore
675 3879 832 3955 eiusdem
850 3886 1056 3977 ymaginem
1073 3882 1149 3953 diui
1160 3880 1268 3954 Olaui
1279 3884 1446 3974 martyris
1458 3884 1626 3976 ponderis
1643 3890 1796 3963 duarum

459 4000 644 4069 unciarum
658 4018 742 4067 cnm
760 3992 821 4065 sex
839 3998 958 4089 paruis
975 3994 1153 4089 lapidibus
1170 4048 1179 4065 .

500 4109 584 4180 Duo
602 4107 940 4201 thuribula'argenti
954 4131 1038 4180 cum
1051 4106 1229 4179 nauicella
1241 4116 1280 4177 et
1297 4107 1450 4179 cocleari
1468 4115 1611 4206 argenti
1627 4118 1797 4208 ponderis

458 4231 606 4292 centum
625 4222 749 4291 decem
763 4222 948 4291 vnciarum
965 4220 1060 4291 dono
1078 4219 1226 4312 capituli
1243 4216 1512 4293 Aberdonenlis
1528 4248 1623 4297 anno
1646 4226 1796 4302 Domini

458 4329 647 4404 millelimo
665 4328 950 4426 quingentesimo
968 4328 1221 4403 sextodecimo
1240 4373 1247 4389 ·

496 4442 744 4540 Aspersorium
759 4446 899 4540 argenti
917 4445 962 4515 ad
981 4442 1082 4516 usum
1100 4444 1198 4517 chori
1215 4446 1405 4519 dominicis
1422 4458 1460 4519 et
1477 4448 1556 4542 alijs
1569 4452 1696 4525 diebus
1712 4478 1795 4526 oum
1841 4485 1846 4503 .
