4050 5534
228 612 457 707 sensuum]
691 611 1097 688 ABERDONENSE.
1493 627 1564 696 319

224 812 353 886 mensis
377 813 470 887 Julii
488 837 584 887 anno
605 814 755 887 Domini
772 810 964 885 millesimo
982 812 1269 911 quingentesimo
1295 816 1564 913 quadragesimo

225 926 375 1021 septimo
392 967 400 986 ·

226 1149 303 1222 W·
344 1153 493 1225 Gordon
531 1149 716 1249 episcopus
750 1152 867 1226 Aber-
917 1152 1104 1226 lohannes
1115 1152 1315 1227 Stenardus
1325 1152 1564 1229 thesaurarius

272 1261 439 1338 donensra
456 1307 464 1322 ·
939 1263 1211 1339 Aberdonenfis
1229 1308 1238 1325 ·

916 1378 1096 1451 Patricius
1131 1378 1307 1474 Myrtoun
1347 1381 1565 1455 archidiaco-

224 1490 283 1563 R·
302 1488 441 1585 Erssryn
459 1493 617 1564 decanus
630 1488 868 1562 Aberdonon·
967 1512 1037 1562 nus
1056 1534 1064 1550 ·

271 1600 343 1675 srs·
916 1600 1072 1675 Thomas
1099 1600 1312 1675 Suthirland
1329 1605 1375 1675 de
1401 1604 1536 1677 Ellon·

221 1715 406 1789 Johannes
423 1716 559 1812 Ogiluy
575 1716 749 1790 Crudan·
916 1713 1103 1788 Johannes
1133 1710 1349 1809 Elphinston
1383 1739 1405 1788 a
1438 1716 1562 1791 Inver-

221 1828 378 1901 Jacobus
396 1828 550 1901 Wawan
569 1830 615 1901 de
632 1828 749 1924 Owyn
767 1870 776 1885 ·
963 1828 1125 1922 nochty·

221 1942 407 2014 Johannes
424 1941 621 2037 Cumming
638 1940 737 2013 Dear
754 1982 763 1998 ·
783 1986 790 2000 ·
809 1983 818 2000 ·
913 1940 1112 2013 Duncanus
1138 1939 1280 2013 Burnet
1298 1943 1343 2013 de
1362 1940 1534 2017 Msthlak
1553 1984 1561 2001 ·

220 2052 375 2126 Thomas
389 2053 551 2126 Gaderar
567 2054 613 2125 de
627 2052 838 2127 Murthtlalr
854 2092 863 2109 ·
915 2052 1127 2125 Willelmus
1140 2052 1268 2127 Cabell
1282 2056 1328 2128 de
1340 2052 1535 2149 Tulyneffil
1553 2096 1561 2113 ·

221 2164 432 2237 Alexander
448 2164 611 2259 Spittaill
627 2188 650 2237 a
666 2164 750 2236 Clat
768 2206 775 2223 ·
914 2164 1101 2237 Arthurus
1133 2166 1326 2241 Taillesere
1356 2168 1401 2239 de
1431 2167 1564 2242 Creoh·

223 2275 434 2348 Willelmus
451 2275 536 2371 Hay
549 2279 595 2349 do
609 2276 836 2349 Drnmmaok
853 2318 862 2335 ·
964 2279 1075 2350 mond
1094 2316 1102 2335 ·

222 2387 433 2461 Alexander
443 2387 863 2484 GallowayaKynlrell·
914 2389 1562 2467 JohannesMichelsonedeForhes·

223 2500 406 2573 Robertns
427 2500 678 2597 Hamyltoune
704 2502 750 2573 de
775 2501 869 2574 Cod·
919 2501 1132 2574 Alexander
1198 2501 1306 2598 Rynd
1376 2503 1565 2579 succentor

271 2612 424 2687 dilstone
441 2652 450 2671 ο
862 2688 867 2705 ,
967 2610 1239 2687 Aberdoncnfis
1256 2654 1265 2672 ·

908 2726 1069 2800 Jacobus
1104 2728 1361 2801 Strathauchin
1396 2730 1442 2803 de
1476 2730 1561 2804 Bal-

967 2839 1105 2933 heluy·

919 2952 1102 3024 Robertus
1137 2950 1353 3025 Hamiltoun
1391 2956 1436 3027 de
1471 2954 1565 3029 Kin-

967 3067 1116 3138 cardin·
1487 3034 1505 3071 ⁹

224 3380 373 3455 Decimo
397 3404 494 3453 nono
518 3381 577 3452 die
602 3376 734 3453 meniis
759 3378 850 3473 Julij
881 3401 975 3453 anno
1003 3376 1152 3451 Domini
1175 3374 1364 3452 millesimo
1390 3383 1563 3476 quingen·

224 3490 347 3567 tefimo
376 3488 671 3589 quinquagesimo
687 3529 696 3546 ·
714 3491 797 3577 Quo
827 3492 886 3563 die
916 3492 1074 3563 decanus
1101 3500 1140 3563 et
1170 3490 1369 3585 capitulum
1399 3491 1563 3567 Aberdo·

222 3604 328 3679 nense
352 3605 600 3701 capitulariter
623 3606 832 3701 congregati
856 3605 896 3675 in
914 3604 1022 3676 domo
1052 3602 1241 3698 capitulari
1259 3601 1419 3675 eiusdem
1437 3606 1482 3677 ad
1508 3608 1562 3678 in·

223 3716 448 3814 msonptum
472 3716 639 3792 essedum
659 3725 699 3789 et
724 3715 814 3789 alios
828 3718 929 3789 adue
953 3715 1170 3811 capitulares
1195 3717 1399 3789 trasancos
1416 3728 1563 3812 propter

223 3842 337 3905 certas
353 3843 394 3905 et
403 3828 635 3904 rationabiles
648 3827 771 3902 causas
788 3828 986 3902 eorundem
1003 3829 1142 3901 animos
1158 3837 1349 3901 mouentes
1366 3828 1561 3905 clausulam

223 3942 529 4039 retroscriptarum
561 3941 750 4015 literarum
783 3944 823 4013 in
855 3965 927 4035 qua
959 3950 1111 4014 cauetur
1143 3937 1353 4035 magistrum
1381 3939 1561 4013 Joannem

225 4054 404 4130 Watsoun
418 4052 565 4150 astringi
582 4050 753 4127 adsemel
770 4055 809 4126 in
825 4076 921 4127 anno
937 4053 1139 4146 quamlibet
1156 4049 1385 4125 ecclesiarum
1402 4074 1560 4125 commu·

223 4171 324 4243 nium
351 4170 438 4241 diiii
463 4166 613 4261 capituli
637 4162 851 4241 visitandam
868 4175 937 4239 eto.
956 4165 1160 4238 limitarunt
1178 4175 1216 4237 et
1232 4167 1461 4259 interpretati
1477 4162 1560 4239 sunt

223 4282 378 4375 intelligi
408 4280 541 4355 debere
572 4280 618 4351 da
641 4278 804 4373 qualibet
833 4274 1064 4353 ecclesiarum
1097 4279 1345 4353 communium
1371 4276 1561 4373 principali

224 4391 298 4469 flue
307 4395 451 4469 matrici
464 4402 503 4466 et
518 4415 593 4465 non
610 4392 656 4465 de
678 4390 972 4485 pendicularibus
987 4384 1146 4467 eoolofiis
1163 4385 1237 4461 flue
1260 4391 1411 4461 annexis
1429 4386 1561 4463 eisdem

225 4530 375 4601 qnorum
403 4506 628 4601 parochianis
649 4501 735 4579 satis
758 4506 828 4577 erit
852 4504 1045 4577 informare
1071 4501 1166 4595 quod
1189 4502 1225 4571 in
1253 4500 1462 4575 matricibus
1479 4524 1562 4573 con-
