4050 5534
240 653 344 750 nnn]
706 653 1111 730 ABERDONENSE.
1533 663 1582 737 27

237 857 323 928 tudo
349 857 445 928 circa
469 852 622 928 hostiam
652 853 895 927 consecratam
921 864 962 926 vt
986 879 1061 927 nou
1086 854 1248 928 sumatur
1272 878 1345 927 non
1371 853 1577 928 consecrata

235 992 298 1063 pro
315 965 523 1041 consecrata
537 991 606 1040 nec
623 965 828 1041 consecrata
844 969 977 1040 iterum
995 967 1248 1041 consecretur·
1267 966 1428 1042 sacerdos
1452 978 1576 1041 autern

236 1077 500 1153 ministraturus
521 1079 714 1176 diligenter
738 1076 938 1154 confideret
956 1090 996 1151 vt
1021 1076 1137 1152 hostia
1154 1083 1199 1152 de
1216 1105 1306 1175 puro
1322 1081 1505 1152 frumento
1531 1076 1576 1152 sit

237 1206 273 1266 et
290 1195 433 1290 integra
448 1201 487 1266 et
504 1193 687 1288 integrum
705 1194 838 1266 habeat
854 1191 1030 1264 circulum
1048 1202 1087 1264 et
1104 1193 1200 1285 quod
1216 1195 1331 1265 maior
1346 1213 1428 1286 para
1444 1194 1518 1264 vini
1536 1201 1575 1265 et

236 1308 377 1380 modica
393 1329 486 1400 aque
503 1327 574 1398 que
591 1307 709 1377 avino
727 1304 905 1378 obsorberi
922 1299 1029 1398 poffit
1045 1313 1227 1398 ponantur
1242 1307 1280 1376 iu
1297 1305 1431 1377 calice·
1446 1315 1576 1378 caueat

236 1443 281 1492 ne
302 1421 427 1490 vinum
453 1413 498 1489 sit
522 1426 666 1490 acetum
692 1416 751 1489 vel
776 1430 1011 1511 corruptum·
1031 1415 1129 1489 Item
1155 1419 1372 1512 precipimur
1397 1427 1438 1489 vt
1461 1414 1575 1490 sacer·

238 1532 338 1604 dotes
372 1530 530 1603 babeant
563 1552 740 1604 canonem
774 1532 973 1602 comestum
1007 1538 1047 1600 et
1079 1530 1190 1602 verba
1222 1531 1370 1602 canonia
1403 1531 1441 1601 in
1474 1525 1574 1601 missa

238 1644 391 1716 rotunde
408 1643 575 1716 dicantur
591 1652 629 1714 et
646 1638 811 1714 distintta
828 1682 837 1699 ·
856 1663 982 1714 omnes
1006 1641 1095 1714 hore
1111 1651 1150 1714 et
1167 1644 1289 1714 omnia
1314 1642 1429 1715 officia
1448 1652 1573 1736 aperte

240 1767 275 1827 et
292 1753 456 1827 distindce
474 1755 641 1826 dicantur
658 1754 711 1825 ita
727 1755 822 1846 quod
839 1755 886 1826 de
902 1751 1133 1827 festinatione
1149 1756 1263 1827 nimia
1281 1755 1389 1827 rerba
1405 1779 1479 1828 non
1495 1778 1575 1849 pre-

239 1869 402 1941 cidantur
418 1889 487 1940 nec
504 1867 740 1960 oiucopeutur
756 1905 764 1922 ·

570 2089 674 2164 LIX.
701 2089 759 2163 De
776 2090 1020 2164 celebratione
1037 2088 1218 2164 missarum
1235 2132 1244 2147 ·

239 2317 330 2390 Item
356 2318 394 2388 in
420 2315 662 2389 celebratione
692 2311 792 2388 mille
816 2311 970 2388 hostiam
1000 2316 1243 2389 consecratam
1272 2339 1399 2411 pacem
1426 2317 1574 2389 daturus

237 2427 393 2502 sacerdos
419 2430 472 2500 ori
497 2425 561 2500 suo
590 2451 663 2500 non
691 2439 848 2522 apponat
878 2429 962 2522 quia
990 2439 1077 2502 ante
1105 2431 1376 2523 perceptionem
1406 2453 1485 2502 eam
1513 2454 1574 2502 ore

238 2553 383 2638 tangere
408 2564 480 2613 non
506 2541 642 2612 debet·
663 2538 703 2612 Si
721 2563 805 2612 vero
823 2541 869 2612 de
885 2549 1020 2634 patena
1044 2537 1137 2614 srcut
1161 2542 1308 2634 quidam
1330 2542 1468 2615 faciunt
1492 2566 1573 2615 cam

237 2653 350 2726 sumat
366 2649 445 2747 post
463 2652 742 2726 celebrationem
768 2649 961 2724 miliciam
979 2662 1150 2746 patenam
1167 2677 1274 2748 quam
1299 2653 1449 2727 calicem
1466 2656 1575 2728 saciat

238 2791 325 2861 aqua
356 2767 524 2861 perfundi
553 2765 611 2838 vel
640 2763 754 2838 solum
784 2765 932 2838 calicem
962 2761 989 2837 fi
1017 2789 1098 2839 eam
1126 2767 1172 2839 de
1198 2777 1332 2861 patena
1357 2791 1430 2839 non
1456 2765 1575 2842 sumat

237 2880 435 2972 habeatque
452 2876 615 2950 sacerdos
632 2880 737 2950 iuxta
754 2877 868 2950 altare
893 2900 1056 2971 pannum
1080 2874 1438 2950 mundiffimum'alio
1454 2903 1574 2974 panno
1623 2868 1626 2873 ’

236 2992 494 3064 circumdatum
511 2990 670 3083 undique
694 2986 845 3063 honeste
862 3014 904 3062 ac
922 2991 1095 3064 decenter
1118 3001 1329 3084 coopertum
1346 2993 1384 3062 in
1401 3015 1473 3084 quo
1496 2989 1575 3086 post

235 3101 473 3198 sumptionem
490 3100 703 3175 sacramenti
720 3100 884 3175 salutaris
898 3104 1030 3198 digitos
1048 3125 1133 3175 cum
1150 3103 1254 3196 labija
1272 3112 1392 3199 tergat
1407 3103 1572 3177 ablutos·

235 3215 451 3308 Habeatqne
474 3213 738 3288 sacramentum
761 3211 867 3309 snper
891 3212 928 3288 se
952 3212 1144 3287 honestum
1167 3215 1377 3309 operculum
1396 3256 1404 3275 ·
1422 3215 1573 3290 hostiam

234 3350 317 3400 vero
330 3350 403 3398 non
417 3327 564 3400 eleuant
581 3336 777 3421 antequam
794 3324 862 3400 ista
879 3328 989 3400 verba
1004 3329 1236 3421 predicantur
1253 3349 1330 3400 noc
1347 3349 1413 3400 aar
1430 3351 1574 3403 coneus

234 3461 346 3512 naun
364 3480 374 3496 ·
392 3438 489 3511 Item
506 3435 534 3510 fi
551 3438 713 3512 sacerdos
738 3435 877 3512 necesse
902 3440 1069 3511 babuerit
1090 3441 1145 3511 bia
1162 3440 1199 3510 in
1218 3441 1277 3513 die
1294 3439 1475 3514 celebrare
1492 3441 1574 3514 casu

234 3553 327 3646 quod
345 3549 412 3624 nisi
429 3554 467 3624 in
485 3554 543 3625 die
558 3551 778 3625 Natiuitatis
791 3551 849 3624 vel
868 3551 1141 3624 Resurrexionia
1159 3552 1338 3625 dominice
1355 3553 1413 3625 vel
1431 3556 1573 3647 quando

233 3665 378 3759 aliquod
407 3687 535 3758 corpus
569 3662 714 3758 presens
743 3661 796 3736 est
829 3666 868 3736 in
898 3659 1047 3738 ecclesia
1080 3664 1336 3736 tumulandum
1366 3664 1424 3737 vel
1454 3665 1574 3759 aliqua

233 3778 382 3850 euidens
402 3799 532 3873 vrgena
557 3771 745 3848 necessitas
770 3775 848 3848 fieri
875 3766 1106 3872 probibemus
1132 3773 1212 3871 post
1239 3778 1391 3870 primam
1417 3779 1575 3852 celebra-

233 3891 370 3962 tionem
389 3898 427 3960 et
444 3889 602 3982 corporis
620 3897 658 3960 et
678 3886 859 3983 sanguinis
883 3887 1126 3985 sumptionem
1152 3889 1242 3960 nihil
1266 3890 1303 3960 in
1328 3889 1477 3962 calicem
1494 3893 1576 3963 fun-

234 4003 339 4074 datur
362 4001 458 4095 qnod
475 4025 498 4073 a
514 4000 721 4073 celebrante
746 3998 910 4074 sumatur
934 4000 994 4074 sed
1020 4010 1166 4073 tantum
1191 3997 1270 4094 post
1294 4000 1575 4076 celebrationem

233 4111 541 4208 subsequentem·
567 4109 654 4184 Post
679 4134 763 4185 vero
791 4111 1072 4186 celebrationem
1101 4113 1296 4208 diligenter
1321 4113 1576 4190 absorbeantur

234 4224 328 4300 stille
346 4227 392 4298 dc
410 4224 521 4298 calice
539 4234 577 4296 et
594 4225 691 4318 quod
716 4225 828 4296 fuerit
852 4223 1072 4320 superfluum
1090 4225 1127 4296 in
1146 4223 1258 4297 calice
1275 4226 1398 4321 digitis
1417 4225 1578 4302 sumatur

234 4338 419 4430 abaliquo
444 4337 540 4408 bone
556 4333 775 4409 conscientie
792 4336 851 4408 vel
876 4334 1080 4410 reseruetur
1103 4338 1141 4407 iu
1159 4334 1240 4409 vase
1266 4339 1401 4409 mundo
1426 4340 1472 4411 ad
1499 4340 1574 4439 [id]

232 4449 436 4546 specialiter
461 4449 638 4544 deputato
655 4457 693 4522 et
710 4445 790 4543 post
807 4447 1086 4522 celebrationem
1113 4445 1268 4520 secunde
1293 4445 1393 4522 mille
1417 4448 1577 4526 sumatur

233 4561 482 4636 asaoerdote·
