<?xml version="1.0" encoding="UTF-8"?>
<!DOCTYPE html PUBLIC "-//W3C//DTD XHTML 1.0 Transitional//EN"
    "http://www.w3.org/TR/xhtml1/DTD/xhtml1-transitional.dtd">
<html xmlns="http://www.w3.org/1999/xhtml" xml:lang="en" lang="en">
 <head>
  <title>
</title>
<meta http-equiv="Content-Type" content="text/html;charset=utf-8" />
  <meta name='ocr-system' content='tesseract 3.04.00' />
  <meta name='ocr-capabilities' content='ocr_page ocr_carea ocr_par ocr_line ocrx_word'/>
</head>
<body>
  <div class='ocr_page' id='page_1' title='image "./registrumepisco02innegoog_0188.png"; bbox 0 0 4050 5534; ppageno 0'>
   <div class='ocr_carea' id='block_1_1' title="bbox 453 642 1788 740">
    <p class='ocr_par' dir='ltr' id='par_1_1' title="bbox 453 642 1788 740">
     <span class='ocr_line' id='line_1_1' title="bbox 453 642 1788 740; baseline -0.001 -23"><span class='ocrx_word' id='word_1_1' title='bbox 453 655 522 720; x_wconf 72' lang='lat'>190</span> <span class='ocrx_word' id='word_1_2' title='bbox 959 642 1265 720; x_wconf 83' lang='lat' dir='ltr'><strong>REGISTRUM</strong></span> <span class='ocrx_word' id='word_1_3' title='bbox 1637 643 1788 740; x_wconf 77' lang='lat' dir='ltr'>[seeum</span> 
     </span>
    </p>
   </div>
   <div class='ocr_carea' id='block_1_2' title="bbox 454 823 1789 941">
    <p class='ocr_par' dir='ltr' id='par_1_2' title="bbox 454 823 1789 941">
     <span class='ocr_line' id='line_1_2' title="bbox 454 823 1789 941; baseline -0.002 -22"><span class='ocrx_word' id='word_1_4' title='bbox 454 849 547 940; x_wconf 93' lang='lat' dir='ltr'>quod</span> <span class='ocrx_word' id='word_1_5' title='bbox 566 849 734 940; x_wconf 81' lang='lat' dir='ltr'>deinceps</span> <span class='ocrx_word' id='word_1_6' title='bbox 759 846 894 920; x_wconf 86' lang='lat' dir='ltr'>nullus.</span> <span class='ocrx_word' id='word_1_7' title='bbox 911 823 1105 918; x_wconf 69' lang='lat' dir='ltr'>esnonicus</span> <span class='ocrx_word' id='word_1_8' title='bbox 1131 847 1170 916; x_wconf 92' lang='lat' dir='ltr'>in</span> <span class='ocrx_word' id='word_1_9' title='bbox 1194 847 1301 917; x_wconf 88' lang='lat' dir='ltr'>choro</span> <span class='ocrx_word' id='word_1_10' title='bbox 1326 855 1392 918; x_wconf 88' lang='lat' dir='ltr'>aut</span> <span class='ocrx_word' id='word_1_11' title='bbox 1421 839 1639 941; x_wconf 81' lang='lat' dir='ltr'>proceffione</span> <span class='ocrx_word' id='word_1_12' title='bbox 1669 856 1789 918; x_wconf 78' lang='lat' dir='ltr'>statur</span> 
     </span>
    </p>
   </div>
   <div class='ocr_carea' id='block_1_3' title="bbox 452 953 1789 1168">
    <p class='ocr_par' dir='ltr' id='par_1_3' title="bbox 452 953 1789 1168">
     <span class='ocr_line' id='line_1_3' title="bbox 452 953 1789 1054; baseline -0.001 -22"><span class='ocrx_word' id='word_1_13' title='bbox 452 960 597 1053; x_wconf 87' lang='lat' dir='ltr'>caputio</span> <span class='ocrx_word' id='word_1_14' title='bbox 613 958 673 1031; x_wconf 89' lang='lat' dir='ltr'>sed</span> <span class='ocrx_word' id='word_1_15' title='bbox 693 958 805 1031; x_wconf 91' lang='lat' dir='ltr'>solnm</span> <span class='ocrx_word' id='word_1_16' title='bbox 822 953 971 1032; x_wconf 80' lang='lat' dir='ltr'>almusro</span> <span class='ocrx_word' id='word_1_17' title='bbox 987 965 1027 1028; x_wconf 86' lang='lat' dir='ltr'>et</span> <span class='ocrx_word' id='word_1_18' title='bbox 1045 954 1292 1052; x_wconf 86' lang='lat' dir='ltr'>superpellicio</span> <span class='ocrx_word' id='word_1_19' title='bbox 1309 966 1373 1031; x_wconf 90' lang='lat' dir='ltr'>ant</span> <span class='ocrx_word' id='word_1_20' title='bbox 1401 981 1515 1054; x_wconf 87' lang='lat' dir='ltr'>cappa</span> <span class='ocrx_word' id='word_1_21' title='bbox 1543 959 1647 1053; x_wconf 86' lang='lat' dir='ltr'>nigra</span> <span class='ocrx_word' id='word_1_22' title='bbox 1668 955 1789 1030; x_wconf 89' lang='lat' dir='ltr'>seeun-</span> 
     </span>
     <span class='ocr_line' id='line_1_4' title="bbox 453 1071 1048 1168; baseline -0.003 -26"><span class='ocrx_word' id='word_1_23' title='bbox 453 1071 540 1142; x_wconf 92' lang='lat' dir='ltr'>dum</span> <span class='ocrx_word' id='word_1_24' title='bbox 557 1074 829 1168; x_wconf 80' lang='lat' dir='ltr'>congruentiam</span> <span class='ocrx_word' id='word_1_25' title='bbox 846 1071 1021 1166; x_wconf 88' lang='lat' dir='ltr'>temporis</span> <span class='ocrx_word' id='word_1_26' title='bbox 1040 1109 1048 1126; x_wconf 93' lang='lat'><strong>·</strong></span> 
     </span>
    </p>
   </div>
   <div class='ocr_carea' id='block_1_4' title="bbox 323 1291 1789 1391">
    <p class='ocr_par' dir='ltr' id='par_1_4' title="bbox 323 1291 1789 1391">
     <span class='ocr_line' id='line_1_5' title="bbox 323 1291 1789 1391; baseline 0 -25"><span class='ocrx_word' id='word_1_27' title='bbox 323 1334 325 1336; x_wconf 27' lang='lat' dir='ltr'>v</span> <span class='ocrx_word' id='word_1_28' title='bbox 455 1295 550 1368; x_wconf 83' lang='lat' dir='ltr'><strong>Item</strong></span> <span class='ocrx_word' id='word_1_29' title='bbox 574 1297 671 1371; x_wconf 88' lang='lat' dir='ltr'>idem</span> <span class='ocrx_word' id='word_1_30' title='bbox 687 1297 907 1368; x_wconf 87' lang='lat' dir='ltr'>reuerendus</span> <span class='ocrx_word' id='word_1_31' title='bbox 922 1303 1028 1391; x_wconf 88' lang='lat' dir='ltr'>pater</span> <span class='ocrx_word' id='word_1_32' title='bbox 1050 1293 1254 1387; x_wconf 87' lang='lat' dir='ltr'>prouidebit</span> <span class='ocrx_word' id='word_1_33' title='bbox 1271 1293 1316 1365; x_wconf 88' lang='lat' dir='ltr'>de</span> <span class='ocrx_word' id='word_1_34' title='bbox 1333 1293 1517 1388; x_wconf 83' lang='lat' dir='ltr'>horologio</span> <span class='ocrx_word' id='word_1_35' title='bbox 1533 1317 1598 1387; x_wconf 87' lang='lat' dir='ltr'>per</span> <span class='ocrx_word' id='word_1_36' title='bbox 1614 1291 1789 1366; x_wconf 82' lang='lat' dir='ltr'>sacristam</span> 
     </span>
    </p>
   </div>
   <div class='ocr_carea' id='block_1_5' title="bbox 454 1405 1791 1593">
    <p class='ocr_par' dir='ltr' id='par_1_5' title="bbox 454 1405 1791 1593">
     <span class='ocr_line' id='line_1_6' title="bbox 455 1405 1791 1504; baseline -0.004 -24"><span class='ocrx_word' id='word_1_37' title='bbox 455 1405 688 1480; x_wconf 87' lang='lat' dir='ltr'>custodiendo</span> <span class='ocrx_word' id='word_1_38' title='bbox 705 1419 744 1481; x_wconf 89' lang='lat' dir='ltr'>et</span> <span class='ocrx_word' id='word_1_39' title='bbox 760 1409 917 1504; x_wconf 84' lang='lat' dir='ltr'>regendo</span> <span class='ocrx_word' id='word_1_40' title='bbox 934 1431 977 1480; x_wconf 86' lang='lat' dir='ltr'>ac</span> <span class='ocrx_word' id='word_1_41' title='bbox 994 1409 1032 1477; x_wconf 91' lang='lat' dir='ltr'>in</span> <span class='ocrx_word' id='word_1_42' title='bbox 1049 1407 1184 1476; x_wconf 88' lang='lat' dir='ltr'>maiore</span> <span class='ocrx_word' id='word_1_43' title='bbox 1201 1405 1393 1498; x_wconf 75' lang='lat' dir='ltr'><strong>campanili</strong></span> <span class='ocrx_word' id='word_1_44' title='bbox 1412 1409 1629 1500; x_wconf 89' lang='lat' dir='ltr'>imponendo</span> <span class='ocrx_word' id='word_1_45' title='bbox 1643 1416 1681 1480; x_wconf 89' lang='lat' dir='ltr'>et</span> <span class='ocrx_word' id='word_1_46' title='bbox 1698 1407 1791 1480; x_wconf 90' lang='lat' dir='ltr'>colo-</span> 
     </span>
     <span class='ocr_line' id='line_1_7' title="bbox 454 1523 595 1593; baseline 0.007 -2"><span class='ocrx_word' id='word_1_47' title='bbox 454 1523 569 1593; x_wconf 89' lang='lat' dir='ltr'>cando</span> <span class='ocrx_word' id='word_1_48' title='bbox 587 1561 595 1577; x_wconf 95' lang='lat'><strong>·</strong></span> 
     </span>
    </p>
   </div>
   <div class='ocr_carea' id='block_1_6' title="bbox 455 1727 1796 2626">
    <p class='ocr_par' dir='ltr' id='par_1_6' title="bbox 455 1727 1796 2626">
     <span class='ocr_line' id='line_1_8' title="bbox 455 1727 1793 1836; baseline 0.001 -22"><span class='ocrx_word' id='word_1_49' title='bbox 455 1743 551 1814; x_wconf 84' lang='lat' dir='ltr'>Item</span> <span class='ocrx_word' id='word_1_50' title='bbox 568 1745 663 1836; x_wconf 93' lang='lat' dir='ltr'>quod</span> <span class='ocrx_word' id='word_1_51' title='bbox 682 1754 894 1818; x_wconf 86' lang='lat' dir='ltr'>ornamenta</span> <span class='ocrx_word' id='word_1_52' title='bbox 918 1727 1068 1816; x_wconf 76' lang='lat' dir='ltr'>ecclesie</span> <span class='ocrx_word' id='word_1_53' title='bbox 1093 1741 1309 1815; x_wconf 86' lang='lat' dir='ltr'>cathedralis</span> <span class='ocrx_word' id='word_1_54' title='bbox 1335 1767 1476 1816; x_wconf 83' lang='lat' dir='ltr'>necnon</span> <span class='ocrx_word' id='word_1_55' title='bbox 1502 1743 1632 1816; x_wconf 79' lang='lat' dir='ltr'>calices</span> <span class='ocrx_word' id='word_1_56' title='bbox 1648 1743 1730 1816; x_wconf 88' lang='lat' dir='ltr'><strong>libri</strong></span> <span class='ocrx_word' id='word_1_57' title='bbox 1755 1753 1793 1816; x_wconf 91' lang='lat' dir='ltr'>et</span> 
     </span>
     <span class='ocr_line' id='line_1_9' title="bbox 455 1855 1795 1950; baseline -0.001 -22"><span class='ocrx_word' id='word_1_58' title='bbox 455 1855 526 1928; x_wconf 91' lang='lat' dir='ltr'>alia</span> <span class='ocrx_word' id='word_1_59' title='bbox 542 1880 756 1950; x_wconf 86' lang='lat' dir='ltr'>quecunque</span> <span class='ocrx_word' id='word_1_60' title='bbox 773 1859 818 1929; x_wconf 89' lang='lat' dir='ltr'>ad</span> <span class='ocrx_word' id='word_1_61' title='bbox 835 1858 960 1928; x_wconf 88' lang='lat' dir='ltr'>diuina</span> <span class='ocrx_word' id='word_1_62' title='bbox 976 1855 1093 1928; x_wconf 86' lang='lat' dir='ltr'>officia</span> <span class='ocrx_word' id='word_1_63' title='bbox 1108 1855 1329 1947; x_wconf 79' lang='lat' dir='ltr'>pertinentia</span> <span class='ocrx_word' id='word_1_64' title='bbox 1346 1855 1392 1926; x_wconf 88' lang='lat' dir='ltr'>ad</span> <span class='ocrx_word' id='word_1_65' title='bbox 1408 1878 1623 1948; x_wconf 86' lang='lat' dir='ltr'>quecunque</span> <span class='ocrx_word' id='word_1_66' title='bbox 1640 1857 1795 1936; x_wconf 86' lang='lat' dir='ltr'>oratoria</span> 
     </span>
     <span class='ocr_line' id='line_1_10' title="bbox 455 1963 1796 2064; baseline -0.001 -23"><span class='ocrx_word' id='word_1_67' title='bbox 455 1967 515 2042; x_wconf 88' lang='lat' dir='ltr'>seu</span> <span class='ocrx_word' id='word_1_68' title='bbox 534 1970 613 2042; x_wconf 89' lang='lat' dir='ltr'>loca</span> <span class='ocrx_word' id='word_1_69' title='bbox 635 1973 777 2064; x_wconf 89' lang='lat' dir='ltr'>priuata</span> <span class='ocrx_word' id='word_1_70' title='bbox 803 1993 867 2064; x_wconf 93' lang='lat' dir='ltr'>pro</span> <span class='ocrx_word' id='word_1_71' title='bbox 893 1964 1004 2039; x_wconf 89' lang='lat' dir='ltr'>milsrs</span> <span class='ocrx_word' id='word_1_72' title='bbox 1030 1967 1254 2040; x_wconf 80' lang='lat' dir='ltr'>celebrandis</span> <span class='ocrx_word' id='word_1_73' title='bbox 1279 1988 1352 2037; x_wconf 93' lang='lat' dir='ltr'>non</span> <span class='ocrx_word' id='word_1_74' title='bbox 1379 1965 1587 2038; x_wconf 87' lang='lat' dir='ltr'>deferantur</span> <span class='ocrx_word' id='word_1_75' title='bbox 1610 1963 1675 2038; x_wconf 92' lang='lat' dir='ltr'>sub</span> <span class='ocrx_word' id='word_1_76' title='bbox 1702 1991 1796 2060; x_wconf 86' lang='lat' dir='ltr'>pena</span> 
     </span>
     <span class='ocr_line' id='line_1_11' title="bbox 455 2073 1795 2172; baseline -0.003 -18"><span class='ocrx_word' id='word_1_77' title='bbox 455 2084 840 2154; x_wconf 88' lang='lat' dir='ltr'>excommunicationis</span> <span class='ocrx_word' id='word_1_78' title='bbox 852 2085 891 2154; x_wconf 94' lang='lat' dir='ltr'>in</span> <span class='ocrx_word' id='word_1_79' title='bbox 904 2081 1013 2152; x_wconf 89' lang='lat' dir='ltr'>laicos</span> <span class='ocrx_word' id='word_1_80' title='bbox 1027 2088 1066 2152; x_wconf 91' lang='lat' dir='ltr'>et</span> <span class='ocrx_word' id='word_1_81' title='bbox 1077 2073 1310 2171; x_wconf 75' lang='lat' dir='ltr'>suspensionis</span> <span class='ocrx_word' id='word_1_82' title='bbox 1327 2079 1365 2148; x_wconf 94' lang='lat' dir='ltr'>in</span> <span class='ocrx_word' id='word_1_83' title='bbox 1382 2074 1596 2170; x_wconf 89' lang='lat' dir='ltr'>presbiteros</span> <span class='ocrx_word' id='word_1_84' title='bbox 1612 2076 1686 2172; x_wconf 91' lang='lat' dir='ltr'>ipso</span> <span class='ocrx_word' id='word_1_85' title='bbox 1699 2077 1795 2152; x_wconf 69' lang='lat' dir='ltr'>fauo</span> 
     </span>
     <span class='ocr_line' id='line_1_12' title="bbox 456 2185 1796 2288; baseline -0.002 -23"><span class='ocrx_word' id='word_1_86' title='bbox 456 2195 551 2288; x_wconf 93' lang='lat' dir='ltr'>quod</span> <span class='ocrx_word' id='word_1_87' title='bbox 570 2196 679 2265; x_wconf 89' lang='lat' dir='ltr'>etiam</span> <span class='ocrx_word' id='word_1_88' title='bbox 697 2195 734 2264; x_wconf 94' lang='lat' dir='ltr'>in</span> <span class='ocrx_word' id='word_1_89' title='bbox 752 2194 899 2286; x_wconf 88' lang='lat' dir='ltr'>reliquis</span> <span class='ocrx_word' id='word_1_90' title='bbox 915 2188 1074 2285; x_wconf 83' lang='lat' dir='ltr'>ecclessjs</span> <span class='ocrx_word' id='word_1_91' title='bbox 1091 2191 1204 2262; x_wconf 90' lang='lat' dir='ltr'>totius</span> <span class='ocrx_word' id='word_1_92' title='bbox 1222 2185 1370 2262; x_wconf 76' lang='lat' dir='ltr'>diocesis</span> <span class='ocrx_word' id='word_1_93' title='bbox 1386 2187 1598 2262; x_wconf 89' lang='lat' dir='ltr'>obseruetur</span> <span class='ocrx_word' id='word_1_94' title='bbox 1615 2187 1681 2262; x_wconf 76' lang='lat' dir='ltr'>nisi</span> <span class='ocrx_word' id='word_1_95' title='bbox 1697 2193 1796 2286; x_wconf 87' lang='lat' dir='ltr'>prius</span> 
     </span>
     <span class='ocr_line' id='line_1_13' title="bbox 455 2295 1796 2400; baseline -0.003 -22"><span class='ocrx_word' id='word_1_96' title='bbox 455 2309 572 2400; x_wconf 87' lang='lat' dir='ltr'>petita</span> <span class='ocrx_word' id='word_1_97' title='bbox 587 2317 626 2378; x_wconf 90' lang='lat' dir='ltr'>et</span> <span class='ocrx_word' id='word_1_98' title='bbox 643 2307 794 2378; x_wconf 89' lang='lat' dir='ltr'>obtenta</span> <span class='ocrx_word' id='word_1_99' title='bbox 810 2306 958 2377; x_wconf 89' lang='lat' dir='ltr'>licentia</span> <span class='ocrx_word' id='word_1_100' title='bbox 974 2304 1020 2376; x_wconf 91' lang='lat' dir='ltr'>ab</span> <span class='ocrx_word' id='word_1_101' title='bbox 1038 2303 1109 2374; x_wconf 89' lang='lat' dir='ltr'>illis</span> <span class='ocrx_word' id='word_1_102' title='bbox 1126 2304 1187 2396; x_wconf 92' lang='lat' dir='ltr'>qni</span> <span class='ocrx_word' id='word_1_103' title='bbox 1205 2298 1338 2373; x_wconf 90' lang='lat' dir='ltr'>eisdem</span> <span class='ocrx_word' id='word_1_104' title='bbox 1355 2295 1512 2395; x_wconf 79' lang='lat' dir='ltr'>eccleliJs</span> <span class='ocrx_word' id='word_1_105' title='bbox 1528 2297 1711 2396; x_wconf 78' lang='lat' dir='ltr'>president</span> <span class='ocrx_word' id='word_1_106' title='bbox 1723 2325 1796 2396; x_wconf 92' lang='lat' dir='ltr'>quo</span> 
     </span>
     <span class='ocr_line' id='line_1_14' title="bbox 457 2409 1796 2508; baseline -0.004 -16"><span class='ocrx_word' id='word_1_107' title='bbox 457 2417 538 2492; x_wconf 89' lang='lat' dir='ltr'>casu</span> <span class='ocrx_word' id='word_1_108' title='bbox 555 2421 687 2490; x_wconf 89' lang='lat' dir='ltr'>iterato</span> <span class='ocrx_word' id='word_1_109' title='bbox 713 2419 923 2490; x_wconf 86' lang='lat' dir='ltr'>deferantur</span> <span class='ocrx_word' id='word_1_110' title='bbox 938 2417 985 2488; x_wconf 90' lang='lat' dir='ltr'>ad</span> <span class='ocrx_word' id='word_1_111' title='bbox 1002 2409 1189 2488; x_wconf 87' lang='lat' dir='ltr'>ecclesram</span> <span class='ocrx_word' id='word_1_112' title='bbox 1205 2411 1270 2484; x_wconf 93' lang='lat' dir='ltr'>sub</span> <span class='ocrx_word' id='word_1_113' title='bbox 1291 2413 1393 2508; x_wconf 90' lang='lat' dir='ltr'>penis</span> <span class='ocrx_word' id='word_1_114' title='bbox 1411 2416 1796 2488; x_wconf 86' lang='lat' dir='ltr'>excommunicationis</span> 
     </span>
     <span class='ocr_line' id='line_1_15' title="bbox 456 2527 987 2626; baseline -0.008 -22"><span class='ocrx_word' id='word_1_115' title='bbox 456 2540 495 2604; x_wconf 90' lang='lat' dir='ltr'>et</span> <span class='ocrx_word' id='word_1_116' title='bbox 511 2527 746 2626; x_wconf 77' lang='lat' dir='ltr'>suspensionis</span> <span class='ocrx_word' id='word_1_117' title='bbox 765 2530 961 2624; x_wconf 69' lang='lat' dir='ltr'>respodiue</span> <span class='ocrx_word' id='word_1_118' title='bbox 978 2569 987 2586; x_wconf 88' lang='lat'><strong>·</strong></span> 
     </span>
    </p>
   </div>
   <div class='ocr_carea' id='block_1_7' title="bbox 456 2751 1800 3745">
    <p class='ocr_par' dir='ltr' id='par_1_7' title="bbox 456 2751 1800 3745">
     <span class='ocr_line' id='line_1_16' title="bbox 457 2751 1797 2849; baseline -0.004 -19"><span class='ocrx_word' id='word_1_119' title='bbox 457 2758 554 2830; x_wconf 90' lang='lat' dir='ltr'>Item</span> <span class='ocrx_word' id='word_1_120' title='bbox 589 2760 674 2849; x_wconf 91' lang='lat' dir='ltr'>qnia</span> <span class='ocrx_word' id='word_1_121' title='bbox 706 2757 879 2828; x_wconf 69' lang='lat' dir='ltr'>basianus</span> <span class='ocrx_word' id='word_1_122' title='bbox 913 2760 1079 2825; x_wconf 86' lang='lat' dir='ltr'>cantores</span> <span class='ocrx_word' id='word_1_123' title='bbox 1109 2751 1207 2822; x_wconf 91' lang='lat' dir='ltr'>chori</span> <span class='ocrx_word' id='word_1_124' title='bbox 1241 2773 1394 2843; x_wconf 93' lang='lat' dir='ltr'>quorum</span> <span class='ocrx_word' id='word_1_125' title='bbox 1428 2753 1601 2825; x_wconf 87' lang='lat' dir='ltr'>intererat</span> <span class='ocrx_word' id='word_1_126' title='bbox 1635 2753 1797 2824; x_wconf 74' lang='lat' dir='ltr'>defeltus</span> 
     </span>
     <span class='ocr_line' id='line_1_17' title="bbox 456 2857 1798 2961; baseline -0.007 -19"><span class='ocrx_word' id='word_1_127' title='bbox 456 2880 583 2942; x_wconf 87' lang='lat' dir='ltr'>notare</span> <span class='ocrx_word' id='word_1_128' title='bbox 601 2865 739 2941; x_wconf 84' lang='lat' dir='ltr'>desides</span> <span class='ocrx_word' id='word_1_129' title='bbox 764 2875 803 2940; x_wconf 90' lang='lat' dir='ltr'>et</span> <span class='ocrx_word' id='word_1_130' title='bbox 828 2865 1055 2961; x_wconf 84' lang='lat' dir='ltr'>negligentes</span> <span class='ocrx_word' id='word_1_131' title='bbox 1073 2865 1110 2933; x_wconf 93' lang='lat' dir='ltr'>in</span> <span class='ocrx_word' id='word_1_132' title='bbox 1128 2857 1302 2956; x_wconf 88' lang='lat' dir='ltr'>premillis</span> <span class='ocrx_word' id='word_1_133' title='bbox 1327 2864 1460 2955; x_wconf 87' lang='lat' dir='ltr'>reperti</span> <span class='ocrx_word' id='word_1_134' title='bbox 1485 2859 1569 2934; x_wconf 88' lang='lat' dir='ltr'>sunt</span> <span class='ocrx_word' id='word_1_135' title='bbox 1586 2864 1668 2934; x_wconf 88' lang='lat' dir='ltr'>ideo</span> <span class='ocrx_word' id='word_1_136' title='bbox 1686 2865 1798 2958; x_wconf 89' lang='lat' dir='ltr'>depu-</span> 
     </span>
     <span class='ocr_line' id='line_1_18' title="bbox 457 2971 1798 3074; baseline -0.007 -19"><span class='ocrx_word' id='word_1_137' title='bbox 457 2993 583 3055; x_wconf 90' lang='lat' dir='ltr'>tentur</span> <span class='ocrx_word' id='word_1_138' title='bbox 608 2983 679 3055; x_wconf 92' lang='lat' dir='ltr'>duo</span> <span class='ocrx_word' id='word_1_139' title='bbox 705 2981 826 3074; x_wconf 88' lang='lat' dir='ltr'>vicarij</span> <span class='ocrx_word' id='word_1_140' title='bbox 858 2980 957 3050; x_wconf 90' lang='lat' dir='ltr'>chori</span> <span class='ocrx_word' id='word_1_141' title='bbox 983 2977 1029 3048; x_wconf 88' lang='lat' dir='ltr'>ad</span> <span class='ocrx_word' id='word_1_142' title='bbox 1056 2971 1212 3070; x_wconf 78' lang='lat' dir='ltr'>singulos</span> <span class='ocrx_word' id='word_1_143' title='bbox 1238 2974 1399 3045; x_wconf 70' lang='lat' dir='ltr'>defaltas</span> <span class='ocrx_word' id='word_1_144' title='bbox 1427 2975 1605 3046; x_wconf 88' lang='lat' dir='ltr'>notandos</span> <span class='ocrx_word' id='word_1_145' title='bbox 1635 2977 1673 3046; x_wconf 94' lang='lat' dir='ltr'>in</span> <span class='ocrx_word' id='word_1_146' title='bbox 1698 2971 1798 3048; x_wconf 82' lang='lat' dir='ltr'>milia</span> 
     </span>
     <span class='ocr_line' id='line_1_19' title="bbox 458 3085 1798 3190; baseline -0.005 -23"><span class='ocrx_word' id='word_1_147' title='bbox 458 3093 613 3190; x_wconf 85' lang='lat' dir='ltr'>vesperis</span> <span class='ocrx_word' id='word_1_148' title='bbox 630 3104 668 3166; x_wconf 91' lang='lat' dir='ltr'>et</span> <span class='ocrx_word' id='word_1_149' title='bbox 685 3094 764 3188; x_wconf 87' lang='lat' dir='ltr'>alijs</span> <span class='ocrx_word' id='word_1_150' title='bbox 781 3092 979 3163; x_wconf 89' lang='lat' dir='ltr'>minoribus</span> <span class='ocrx_word' id='word_1_151' title='bbox 996 3088 1093 3160; x_wconf 89' lang='lat' dir='ltr'>horis</span> <span class='ocrx_word' id='word_1_152' title='bbox 1109 3085 1306 3158; x_wconf 90' lang='lat' dir='ltr'>secundum</span> <span class='ocrx_word' id='word_1_153' title='bbox 1325 3096 1488 3158; x_wconf 89' lang='lat' dir='ltr'>tenorem</span> <span class='ocrx_word' id='word_1_154' title='bbox 1507 3086 1631 3160; x_wconf 90' lang='lat' dir='ltr'>tabule</span> <span class='ocrx_word' id='word_1_155' title='bbox 1648 3090 1798 3180; x_wconf 87' lang='lat' dir='ltr'>antique</span> 
     </span>
     <span class='ocr_line' id='line_1_20' title="bbox 459 3200 1799 3298; baseline -0.007 -16"><span class='ocrx_word' id='word_1_156' title='bbox 459 3219 498 3282; x_wconf 89' lang='lat' dir='ltr'>et</span> <span class='ocrx_word' id='word_1_157' title='bbox 533 3204 749 3280; x_wconf 86' lang='lat' dir='ltr'>statutorum</span> <span class='ocrx_word' id='word_1_158' title='bbox 783 3201 1084 3298; x_wconf 80' lang='lat' dir='ltr'>inpresentiarum</span> <span class='ocrx_word' id='word_1_159' title='bbox 1119 3201 1300 3271; x_wconf 92' lang='lat' dir='ltr'>editorum</span> <span class='ocrx_word' id='word_1_160' title='bbox 1334 3221 1397 3292; x_wconf 88' lang='lat' dir='ltr'>pro</span> <span class='ocrx_word' id='word_1_161' title='bbox 1431 3200 1561 3292; x_wconf 92' lang='lat' dir='ltr'>quibus</span> <span class='ocrx_word' id='word_1_162' title='bbox 1594 3202 1799 3295; x_wconf 89' lang='lat' dir='ltr'>percipient</span> 
     </span>
     <span class='ocr_line' id='line_1_21' title="bbox 459 3312 1800 3416; baseline -0.007 -22"><span class='ocrx_word' id='word_1_163' title='bbox 459 3330 624 3416; x_wconf 87' lang='lat' dir='ltr'>quartam</span> <span class='ocrx_word' id='word_1_164' title='bbox 640 3327 781 3413; x_wconf 88' lang='lat' dir='ltr'>partem</span> <span class='ocrx_word' id='word_1_165' title='bbox 799 3317 1006 3387; x_wconf 68' lang='lat' dir='ltr'>defeduum</span> <span class='ocrx_word' id='word_1_166' title='bbox 1032 3312 1323 3404; x_wconf 89' lang='lat' dir='ltr'>delinquentium</span> <span class='ocrx_word' id='word_1_167' title='bbox 1348 3320 1386 3382; x_wconf 92' lang='lat' dir='ltr'>et</span> <span class='ocrx_word' id='word_1_168' title='bbox 1412 3334 1476 3406; x_wconf 91' lang='lat' dir='ltr'>pro</span> <span class='ocrx_word' id='word_1_169' title='bbox 1494 3335 1590 3383; x_wconf 90' lang='lat' dir='ltr'>nunc</span> <span class='ocrx_word' id='word_1_170' title='bbox 1612 3312 1800 3407; x_wconf 79' lang='lat' dir='ltr'>eliguntur</span> 
     </span>
     <span class='ocr_line' id='line_1_22' title="bbox 459 3422 1800 3529; baseline -0.007 -23"><span class='ocrx_word' id='word_1_171' title='bbox 459 3430 627 3529; x_wconf 83' lang='lat' dir='ltr'>magister</span> <span class='ocrx_word' id='word_1_172' title='bbox 652 3428 819 3501; x_wconf 88' lang='lat' dir='ltr'>Andreas</span> <span class='ocrx_word' id='word_1_173' title='bbox 846 3425 994 3519; x_wconf 81' lang='lat' dir='ltr'>Kyntor</span> <span class='ocrx_word' id='word_1_174' title='bbox 1011 3432 1050 3496; x_wconf 92' lang='lat' dir='ltr'>et</span> <span class='ocrx_word' id='word_1_175' title='bbox 1074 3425 1241 3494; x_wconf 90' lang='lat' dir='ltr'>dominus</span> <span class='ocrx_word' id='word_1_176' title='bbox 1270 3422 1455 3494; x_wconf 86' lang='lat' dir='ltr'>Johannes</span> <span class='ocrx_word' id='word_1_177' title='bbox 1483 3422 1688 3516; x_wconf 89' lang='lat' dir='ltr'>quubartt</span> <span class='ocrx_word' id='word_1_178' title='bbox 1714 3449 1800 3497; x_wconf 90' lang='lat' dir='ltr'>cum</span> 
     </span>
     <span class='ocr_line' id='line_1_23' title="bbox 460 3535 1800 3630; baseline -0.005 -12"><span class='ocrx_word' id='word_1_179' title='bbox 460 3545 633 3618; x_wconf 86' lang='lat' dir='ltr'>facultate</span> <span class='ocrx_word' id='word_1_180' title='bbox 663 3540 805 3613; x_wconf 89' lang='lat' dir='ltr'>eosdem</span> <span class='ocrx_word' id='word_1_181' title='bbox 830 3537 1041 3610; x_wconf 89' lang='lat' dir='ltr'>remouendi</span> <span class='ocrx_word' id='word_1_182' title='bbox 1068 3544 1107 3608; x_wconf 89' lang='lat' dir='ltr'>et</span> <span class='ocrx_word' id='word_1_183' title='bbox 1132 3535 1220 3607; x_wconf 89' lang='lat' dir='ltr'>alios</span> <span class='ocrx_word' id='word_1_184' title='bbox 1250 3558 1374 3607; x_wconf 90' lang='lat' dir='ltr'>eorum</span> <span class='ocrx_word' id='word_1_185' title='bbox 1402 3535 1491 3608; x_wconf 90' lang='lat' dir='ltr'>locis</span> <span class='ocrx_word' id='word_1_186' title='bbox 1517 3537 1725 3630; x_wconf 91' lang='lat' dir='ltr'>imponendi</span> <span class='ocrx_word' id='word_1_187' title='bbox 1752 3541 1800 3611; x_wconf 89' lang='lat' dir='ltr'>ad</span> 
     </span>
     <span class='ocr_line' id='line_1_24' title="bbox 459 3647 1547 3745; baseline -0.012 -13"><span class='ocrx_word' id='word_1_188' title='bbox 459 3669 590 3732; x_wconf 91' lang='lat' dir='ltr'>nutum</span> <span class='ocrx_word' id='word_1_189' title='bbox 604 3655 730 3727; x_wconf 88' lang='lat' dir='ltr'>decani</span> <span class='ocrx_word' id='word_1_190' title='bbox 746 3651 808 3723; x_wconf 89' lang='lat' dir='ltr'>sen</span> <span class='ocrx_word' id='word_1_191' title='bbox 825 3647 1038 3745; x_wconf 85' lang='lat' dir='ltr'>prcsrdentis</span> <span class='ocrx_word' id='word_1_192' title='bbox 1055 3657 1093 3721; x_wconf 89' lang='lat' dir='ltr'>et</span> <span class='ocrx_word' id='word_1_193' title='bbox 1111 3648 1259 3743; x_wconf 86' lang='lat' dir='ltr'>capituli</span> <span class='ocrx_word' id='word_1_194' title='bbox 1277 3671 1341 3740; x_wconf 92' lang='lat' dir='ltr'>pro</span> <span class='ocrx_word' id='word_1_195' title='bbox 1360 3657 1521 3741; x_wconf 87' lang='lat' dir='ltr'>tempore</span> <span class='ocrx_word' id='word_1_196' title='bbox 1538 3690 1547 3707; x_wconf 92' lang='lat'><strong>·</strong></span> 
     </span>
    </p>
   </div>
   <div class='ocr_carea' id='block_1_8' title="bbox 460 3863 1804 4194">
    <p class='ocr_par' dir='ltr' id='par_1_8' title="bbox 460 3863 1804 4194">
     <span class='ocr_line' id='line_1_25' title="bbox 460 3863 1804 3975; baseline -0.01 -17"><span class='ocrx_word' id='word_1_197' title='bbox 460 3863 557 3957; x_wconf 82' lang='lat' dir='ltr'>item</span> <span class='ocrx_word' id='word_1_198' title='bbox 575 3879 670 3975; x_wconf 91' lang='lat' dir='ltr'>quod</span> <span class='ocrx_word' id='word_1_199' title='bbox 687 3871 787 3948; x_wconf 83' lang='lat' dir='ltr'>milla</span> <span class='ocrx_word' id='word_1_200' title='bbox 811 3876 895 3946; x_wconf 91' lang='lat' dir='ltr'>diue</span> <span class='ocrx_word' id='word_1_201' title='bbox 912 3873 1059 3968; x_wconf 81' lang='lat' dir='ltr'>virginis</span> <span class='ocrx_word' id='word_1_202' title='bbox 1085 3872 1205 3945; x_wconf 86' lang='lat' dir='ltr'>Maria</span> <span class='ocrx_word' id='word_1_203' title='bbox 1231 3867 1379 3966; x_wconf 79' lang='lat' dir='ltr'>lingulis</span> <span class='ocrx_word' id='word_1_204' title='bbox 1405 3872 1532 3944; x_wconf 91' lang='lat' dir='ltr'>diebus</span> <span class='ocrx_word' id='word_1_205' title='bbox 1557 3874 1687 3965; x_wconf 92' lang='lat' dir='ltr'>quibus</span> <span class='ocrx_word' id='word_1_206' title='bbox 1705 3875 1804 3946; x_wconf 90' lang='lat' dir='ltr'>ordi·</span> 
     </span>
     <span class='ocr_line' id='line_1_26' title="bbox 461 3981 1803 4078; baseline -0.01 -7"><span class='ocrx_word' id='word_1_207' title='bbox 461 4000 560 4071; x_wconf 89' lang='lat' dir='ltr'>narie</span> <span class='ocrx_word' id='word_1_208' title='bbox 577 3993 714 4066; x_wconf 88' lang='lat' dir='ltr'>cantari</span> <span class='ocrx_word' id='word_1_209' title='bbox 732 3989 842 4061; x_wconf 89' lang='lat' dir='ltr'>debet</span> <span class='ocrx_word' id='word_1_210' title='bbox 859 3995 1028 4058; x_wconf 89' lang='lat' dir='ltr'>cantetur</span> <span class='ocrx_word' id='word_1_211' title='bbox 1045 4008 1127 4058; x_wconf 90' lang='lat' dir='ltr'>oum</span> <span class='ocrx_word' id='word_1_212' title='bbox 1145 3981 1341 4078; x_wconf 84' lang='lat' dir='ltr'>presbitero</span> <span class='ocrx_word' id='word_1_213' title='bbox 1360 3983 1510 4056; x_wconf 87' lang='lat' dir='ltr'>diacono</span> <span class='ocrx_word' id='word_1_214' title='bbox 1527 3995 1565 4056; x_wconf 91' lang='lat' dir='ltr'>et</span> <span class='ocrx_word' id='word_1_215' title='bbox 1582 3982 1803 4057; x_wconf 90' lang='lat' dir='ltr'>subdiacono</span> 
     </span>
     <span class='ocr_line' id='line_1_27' title="bbox 461 4099 1002 4194; baseline -0.026 -12"><span class='ocrx_word' id='word_1_216' title='bbox 461 4115 497 4182; x_wconf 94' lang='lat' dir='ltr'>in</span> <span class='ocrx_word' id='word_1_217' title='bbox 515 4109 588 4180; x_wconf 91' lang='lat' dir='ltr'>suis</span> <span class='ocrx_word' id='word_1_218' title='bbox 603 4102 786 4177; x_wconf 89' lang='lat' dir='ltr'>habitibus</span> <span class='ocrx_word' id='word_1_219' title='bbox 808 4099 976 4194; x_wconf 81' lang='lat' dir='ltr'>congruis</span> <span class='ocrx_word' id='word_1_220' title='bbox 994 4139 1002 4154; x_wconf 93' lang='lat'><strong>·</strong></span> 
     </span>
    </p>
   </div>
   <div class='ocr_carea' id='block_1_9' title="bbox 462 4315 1807 4652">
    <p class='ocr_par' dir='ltr' id='par_1_9' title="bbox 462 4315 1807 4652">
     <span class='ocr_line' id='line_1_28' title="bbox 462 4315 1807 4424; baseline -0.009 -17"><span class='ocrx_word' id='word_1_221' title='bbox 462 4318 558 4407; x_wconf 90' lang='lat' dir='ltr'>Item</span> <span class='ocrx_word' id='word_1_222' title='bbox 577 4330 671 4424; x_wconf 92' lang='lat' dir='ltr'>quod</span> <span class='ocrx_word' id='word_1_223' title='bbox 690 4328 859 4418; x_wconf 88' lang='lat' dir='ltr'>deinceps</span> <span class='ocrx_word' id='word_1_224' title='bbox 883 4325 974 4395; x_wconf 86' lang='lat' dir='ltr'>fiant</span> <span class='ocrx_word' id='word_1_225' title='bbox 999 4321 1062 4394; x_wconf 90' lang='lat' dir='ltr'>sex</span> <span class='ocrx_word' id='word_1_226' title='bbox 1089 4320 1238 4394; x_wconf 88' lang='lat' dir='ltr'>candele</span> <span class='ocrx_word' id='word_1_227' title='bbox 1256 4321 1301 4392; x_wconf 93' lang='lat' dir='ltr'>de</span> <span class='ocrx_word' id='word_1_228' title='bbox 1319 4343 1407 4414; x_wconf 87' lang='lat' dir='ltr'>cepo</span> <span class='ocrx_word' id='word_1_229' title='bbox 1424 4321 1461 4390; x_wconf 92' lang='lat' dir='ltr'>in</span> <span class='ocrx_word' id='word_1_230' title='bbox 1479 4322 1564 4392; x_wconf 90' lang='lat' dir='ltr'>naui</span> <span class='ocrx_word' id='word_1_231' title='bbox 1586 4315 1736 4392; x_wconf 75' lang='lat' dir='ltr'>ecclesie</span> <span class='ocrx_word' id='word_1_232' title='bbox 1765 4335 1807 4395; x_wconf 89' lang='lat' dir='ltr'>et</span> 
     </span>
     <span class='ocr_line' id='line_1_29' title="bbox 463 4430 1807 4536; baseline -0.008 -17"><span class='ocrx_word' id='word_1_233' title='bbox 463 4450 533 4518; x_wconf 93' lang='lat' dir='ltr'>due</span> <span class='ocrx_word' id='word_1_234' title='bbox 551 4447 589 4515; x_wconf 90' lang='lat' dir='ltr'>in</span> <span class='ocrx_word' id='word_1_235' title='bbox 606 4441 769 4536; x_wconf 88' lang='lat' dir='ltr'>qualibet</span> <span class='ocrx_word' id='word_1_236' title='bbox 786 4435 902 4508; x_wconf 88' lang='lat' dir='ltr'>insula</span> <span class='ocrx_word' id='word_1_237' title='bbox 927 4460 973 4508; x_wconf 88' lang='lat' dir='ltr'>ex</span> <span class='ocrx_word' id='word_1_238' title='bbox 998 4443 1102 4530; x_wconf 90' lang='lat' dir='ltr'>parte</span> <span class='ocrx_word' id='word_1_239' title='bbox 1119 4430 1264 4507; x_wconf 90' lang='lat' dir='ltr'>australi</span> <span class='ocrx_word' id='word_1_240' title='bbox 1291 4445 1328 4508; x_wconf 93' lang='lat' dir='ltr'>et</span> <span class='ocrx_word' id='word_1_241' title='bbox 1354 4431 1489 4506; x_wconf 88' lang='lat' dir='ltr'>boreali</span> <span class='ocrx_word' id='word_1_242' title='bbox 1508 4435 1605 4504; x_wconf 94' lang='lat' dir='ltr'>omni</span> <span class='ocrx_word' id='word_1_243' title='bbox 1624 4435 1730 4506; x_wconf 63' lang='lat' dir='ltr'>noste</span> <span class='ocrx_word' id='word_1_244' title='bbox 1758 4438 1807 4508; x_wconf 88' lang='lat' dir='ltr'>ad</span> 
     </span>
     <span class='ocr_line' id='line_1_30' title="bbox 463 4544 1807 4652; baseline -0.009 -20"><span class='ocrx_word' id='word_1_245' title='bbox 463 4558 625 4652; x_wconf 83' lang='lat' dir='ltr'>vesperas</span> <span class='ocrx_word' id='word_1_246' title='bbox 654 4562 693 4625; x_wconf 88' lang='lat' dir='ltr'>et</span> <span class='ocrx_word' id='word_1_247' title='bbox 722 4552 920 4624; x_wconf 89' lang='lat' dir='ltr'>matutinas</span> <span class='ocrx_word' id='word_1_248' title='bbox 950 4557 1113 4643; x_wconf 89' lang='lat' dir='ltr'>tempore</span> <span class='ocrx_word' id='word_1_249' title='bbox 1142 4547 1299 4642; x_wconf 87' lang='lat' dir='ltr'>hyemali</span> <span class='ocrx_word' id='word_1_250' title='bbox 1330 4556 1368 4621; x_wconf 84' lang='lat' dir='ltr'>et</span> <span class='ocrx_word' id='word_1_251' title='bbox 1402 4545 1590 4639; x_wconf 85' lang='lat' dir='ltr'>quodlibet</span> <span class='ocrx_word' id='word_1_252' title='bbox 1620 4544 1736 4619; x_wconf 85' lang='lat' dir='ltr'>altare</span> <span class='ocrx_word' id='word_1_253' title='bbox 1766 4550 1807 4620; x_wconf 91' lang='lat' dir='ltr'>in</span> 
     </span>
    </p>
   </div>
   <div class='ocr_carea' id='block_1_10' title="bbox 0 0 2047 5534">
    <p class='ocr_par' dir='ltr' id='par_1_10' title="bbox 0 0 2047 5534">
     <span class='ocr_line' id='line_1_31' title="bbox 0 0 2047 5534; baseline 0 0"><span class='ocrx_word' id='word_1_254' title='bbox 0 0 2047 5534; x_wconf 95' lang='lat' dir='ltr'> </span> 
     </span>
    </p>
   </div>
  </div>
 </body>
</html>
