4050 5534
691 648 1103 724 ABERDONENSE.

667 963 797 1035 Cannu
816 984 863 1034 an
882 983 1121 1036 uurnnucm·

224 1410 367 1484 Littera
378 1412 556 1486 Willelmi
574 1415 620 1486 de
631 1412 752 1485 Ketht
769 1409 957 1484 mariscalli
972 1410 1096 1483 Scotie
1112 1408 1221 1504 super
1237 1408 1403 1481 secundis
1420 1410 1568 1481 decimis

271 1524 317 1595 da
331 1522 489 1618 Obyne·

222 1632 509 1710 lustramentum
523 1635 793 1730 composicionis
803 1638 899 1707 inter
909 1636 1031 1709 Adam
1050 1635 1257 1729 episcopum
1270 1635 1569 1708 Aberdonensem

269 1759 308 1819 ct
335 1750 521 1821 dominum
548 1749 779 1822 Willelmum
805 1750 850 1820 da
876 1747 997 1821 Ketht
1013 1771 1125 1841 penes
1151 1746 1324 1821 secundas
1341 1750 1499 1820 decimas
1524 1749 1569 1819 de

270 1864 378 1933 terris
395 1863 439 1934 de
457 1861 588 1956 Obyne
605 1872 644 1934 et
662 1863 708 1934 de
725 1860 848 1933 Skene
867 1900 875 1918 ·

222 1972 366 2045 Littera
376 1974 526 2045 Roberti
540 1975 789 2069 gubernatoris
803 1973 926 2045 Scotie
945 1973 990 2043 de
1007 1971 1174 2044 secundis
1189 1975 1340 2046 decimis
1357 1972 1569 2046 forestamm

269 2086 315 2156 de
334 2085 461 2179 Boyne
479 2098 517 2157 at
534 2088 579 2157 de
597 2087 704 2181 Ayne
730 2110 771 2157 ao
795 2087 942 2157 baronia
959 2087 1005 2157 de
1023 2084 1146 2158 Ketht
1164 2088 1259 2158 infra
1275 2088 1568 2159 vicecomitatum

268 2199 315 2269 de
333 2197 448 2269 Banff
458 2195 692 2271 existentium
717 2240 724 2256 ·

221 2308 440 2405 Preceptum
459 2312 594 2381 domini
613 2310 739 2382 Jacobi
758 2311 802 2381 de
822 2308 1009 2403 Lyndesay
1028 2310 1073 2380 de
1090 2308 1271 2382 soluendis
1288 2310 1453 2383 secundis
1471 2312 1568 2381 deoi-

267 2426 339 2495 mis
357 2424 403 2495 dc
420 2422 679 2517 Fermartyne·

222 2535 366 2607 Littera
391 2538 485 2631 regis
512 2535 664 2607 Roberti
689 2536 735 2605 de
761 2535 928 2605 omuibus
945 2531 1121 2607 eschaetis
1148 2538 1274 2608 wardia
1296 2547 1336 2607 et
1360 2536 1505 2630 releuijs
1530 2548 1568 2607 et

268 2646 435 2721 secundis
453 2650 603 2720 decimis
621 2648 713 2719 infra
731 2647 1004 2718 vicecomitatus
1022 2648 1067 2718 de
1086 2646 1283 2720 Aberdenc
1304 2658 1342 2719 et
1360 2648 1474 2721 Banff
1485 2690 1492 2705 ·

221 2758 418 2854 Inquificio
435 2761 529 2833 saca
552 2784 618 2855 per
634 2760 820 2831 dominum
847 2758 1050 2831 Robertum
1067 2761 1113 2831 de
1132 2761 1305 2833 Lawadre
1331 2765 1567 2834 camerarium

270 2872 400 2945 Scocie
417 2883 455 2945 et
474 2874 661 2943 dominum
687 2871 921 2964 Radulphum
940 2872 985 2943 de
1002 2872 1175 2944 Meltoun
1195 2870 1454 2945 thesaurarium
1472 2878 1567 2967 quod

269 2984 425 3079 episcopi
441 2981 710 3057 Abirdoueuses
723 2984 872 3054 luerunt
889 2994 927 3054 ct
944 2982 1027 3056 sunt
1044 2988 1081 3057 in
1100 2986 1247 3079 pacifica
1263 2980 1469 3078 polselslone
1482 2990 1568 3057 iuris

270 3097 492 3191 percipiendi
519 3095 691 3169 secundas
717 3097 874 3167 decimas
899 3097 992 3167 infra
1018 3100 1292 3169 vicecomitatns
1310 3099 1355 3169 de
1372 3100 1568 3171 Aberdene

269 3223 309 3281 et
327 3212 374 3281 de
391 3208 504 3281 Banff
515 3251 523 3267 ·

221 3321 444 3416 Preceptum
478 3322 630 3394 Roberti
664 3324 914 3417 gubernatoris
949 3322 1073 3394 Scotie
1107 3324 1153 3393 de
1187 3322 1360 3395 soluendo
1394 3324 1567 3397 secundas

270 3436 430 3505 decimas
455 3429 604 3505 ecclesie
622 3430 864 3505 Abirdonensr
890 3434 983 3506 infra
1009 3436 1282 3506 vicecomitatus
1308 3438 1353 3507 de
1371 3437 1567 3510 Aberdene

271 3558 311 3619 et-
329 3550 376 3618 de
393 3546 506 3619 Banff
517 3588 525 3603 ·

221 3657 511 3731 lustramentum
542 3660 697 3731 vidimus
723 3657 827 3753 super
853 3661 962 3731 certis
989 3663 1225 3733 munimentis
1254 3685 1364 3754 penes
1394 3662 1566 3735 secundas

271 3774 431 3845 decimas
448 3773 588 3845 debitas
606 3770 755 3845 ecclesie
772 3767 1025 3844 Aberdonenfi
1044 3813 1051 3828 ·

221 3883 334 3957 Bulla
350 3884 503 3956 Adriani
521 3886 802 3957 confirmationis
819 3897 996 3955 terrarum
1015 3883 1170 3979 episcopi
1188 3886 1458 3960 Aberdonensrs
1477 3930 1485 3947 ·

221 3996 320 4068 Item
341 3998 443 4091 copia
460 3994 618 4069 eiusdem
638 4038 645 4055 ·

220 4108 333 4181 Bulla
349 4107 556 4202 Innocencij
576 4107 647 4178 ΙΙΙ.
666 4108 771 4202 super
788 4112 914 4181 eadem
934 4152 941 4167 ·

221 4221 333 4293 Bulla
351 4220 551 4293 Clementis
569 4222 666 4314 tertij
685 4219 790 4315 super
811 4224 937 4319 eadem
956 4264 963 4279 ·

222 4334 384 4405 Donatio
411 4328 557 4406 ecclcfie
584 4335 629 4405 de
656 4333 758 4430 Logy
782 4337 820 4407 in
847 4333 1036 4408 Buchania
1060 4334 1209 4409 ecclesie
1233 4338 1474 4415 Abirdonensi
1499 4370 1564 4440 per

270 4469 395 4541 regem
413 4446 533 4517 Dauid
552 4487 559 4502 ·

220 4558 459 4631 Confirmatio
476 4558 571 4630 diae
589 4553 737 4630 ecclesie
755 4561 799 4631 de
818 4559 920 4657 hogy
936 4585 1001 4655 per
1018 4560 1223 4657 episcopum
1240 4563 1493 4641 Alexandrum
1512 4614 1519 4629 ·
