4050 5534
224 640 308 735 η]
692 639 1098 713 Anunnounnsn.
1501 655 1572 729 127

224 955 301 1026 Hic
320 974 468 1026 monus
486 974 763 1026 monnrsmuu
780 975 850 1026 sno
868 974 1092 1027 nnorsrnon
1109 975 1378 1030 rnnssunsnm
1393 979 1570 1034 uecnnsm

223 1067 524 1140 Asnnnonnnsrs
557 1087 665 1144 ouon
699 1087 806 1138 umor
841 1086 951 1138 ruem
986 1087 1242 1141 vnunnsmms
1276 1090 1345 1142 vm
1378 1091 1569 1144 nsorsrsn

223 1179 431 1252 Hnnmcus
448 1200 500 1250 nn
517 1178 662 1250 Rruns
681 1198 852 1250 mnsnmr
878 1199 1057 1252 nconnsm
1074 1201 1367 1254 runssonsnrus
1385 1204 1432 1254 so
1450 1204 1570 1255 nnun-

222 1313 344 1363 nunnr
355 1313 398 1364 ru
411 1290 583 1364 Csmsro
595 1310 728 1362 rsrms
739 1311 786 1362 nr
800 1311 942 1362 nomm
957 1313 1100 1364 nonum
1111 1291 1286 1366 Hmuucr
1299 1315 1350 1366 nn
1362 1294 1569 1370 Lronnouu

222 1424 443 1481 vrmusoun
461 1424 566 1474 rums
591 1423 725 1474 unouu
743 1423 929 1476 nooroms
954 1426 1126 1478 mosomi
1150 1427 1328 1478 noenssm
1354 1428 1457 1480 runo
1474 1429 1570 1481 rmu-

221 1537 329 1588 roms
364 1535 535 1588 nnrsoom
570 1535 774 1594 surosoon
809 1535 1013 1589 nnnsnums
1049 1539 1227 1591 nconnsur
1262 1541 1570 1593 oonsrnnoroms

222 1649 341 1700 noros
371 1649 476 1700 suno
508 1625 660 1700 Donum
689 1647 898 1700 nrmnsmro
927 1650 1329 1706 eusnnmeunrnsmo
1360 1652 1567 1705 rmonssuo

221 1759 373 1812 snxro‘·

607 1964 794 2059 Incipiunt
812 1985 916 2036 mom
935 1986 1155 2039 runouoom
1174 2008 1181 2024 ·

221 2188 342 2265 Primo
354 2191 484 2285 incipit
494 2192 742 2262 inuentorium
760 2187 932 2261 librorum
951 2189 1132 2285 theologie
1150 2200 1190 2261 vt
1207 2192 1301 2263 infra
1313 2190 1539 2285 subsequitur
1557 2235 1565 2250 ·

221 2413 309 2486 Vna
323 2439 435 2509 parua
451 2415 565 2486 biblia
582 2417 620 2486 in
637 2416 779 2486 minuto
797 2413 904 2487 litera
921 2416 959 2486 in
975 2411 1145 2486 afferibus
1163 2417 1339 2509 incipiens
1356 2418 1394 2486 in
1411 2413 1566 2488 seeundo

271 2526 357 2598 folio
373 2525 538 2621 Ertenfio
555 2536 667 2600 aulem
684 2569 693 2584 ·

221 2637 309 2710 Vna
324 2638 437 2711 biblio
453 2641 492 2711 in
510 2636 680 2712 risoribus
697 2639 874 2731 incipiens
890 2640 930 2710 in
945 2637 1103 2710 seeundo
1121 2639 1206 2710 folio
1230 2638 1301 2711 Sub
1317 2640 1399 2735 veste
1417 2683 1424 2698 ·

222 2751 309 2824 Vno
325 2751 438 2823 biblio
453 2755 492 2823 in
510 2749 679 2823 asseribus
695 2774 769 2822 non
788 2751 970 2843 completa
986 2753 1025 2822 in
1042 2747 1197 2822 seeundo
1215 2751 1302 2823 folio
1323 2749 1566 2845 Ponofilloho·

221 2863 309 2936 Vna
325 2863 438 2936 biblia
454 2887 527 2935 non
545 2865 727 2958 completo
744 2864 920 2956 incipiens
937 2865 973 2934 in
991 2861 1148 2936 seeundo
1166 2864 1253 2935 folio
1281 2861 1376 2936 Vror
1391 2863 1523 2936 Jacob·

221 2975 309 3048 Vna
333 2975 446 3048 biblio
463 3000 536 3047 non
554 2975 735 3069 completo
752 2977 928 3068 incipiens
945 2977 982 3045 in
1000 2973 1158 3047 seeundo
1175 2974 1262 3046 folio
1285 2972 1407 3046 Vnst·

221 3088 331 3161 Vnus
360 3098 486 3160 textus
515 3085 777 3161 sententiarum
812 3085 914 3159 Petri
941 3083 1198 3160 Commestoris
1228 3089 1266 3158 in
1297 3084 1453 3159 seeundo
1480 3088 1566 3160 folio

282 3198 403 3272 Vtrum
406 3200 520 3297 semel
529 3242 537 3259 ·

221 3307 330 3386 Vnus
343 3324 469 3386 textus
482 3312 742 3387 sententiarum
756 3313 931 3405 inoipiens
944 3314 982 3383 in
999 3308 1156 3383 seeundo
1173 3311 1259 3384 folio
1274 3311 1564 3409 Quorospr'rilus·

221 3425 324 3497 Libri
343 3428 491 3499 Leuitiei
508 3427 652 3499 numeri
666 3424 909 3517 neutronomij
924 3425 961 3495 in
975 3447 1047 3495 vno
1061 3424 1243 3496 volumine
1257 3427 1294 3496 in
1308 3423 1462 3498 seeundo
1479 3425 1565 3497 folio

272 3536 330 3610 De
345 3537 445 3611 bobus
461 3578 471 3594 ·

220 3637 326 3722 Libri
341 3648 454 3723 Josue
469 3649 643 3723 Judieum
662 3647 765 3720 Ruth
781 3648 919 3720 Thobie
936 3647 1069 3719 Judirh
1088 3645 1221 3721 Hester
1238 3650 1275 3719 in
1294 3672 1364 3721 vno
1383 3649 1566 3722 volumine

270 3766 309 3834 in
328 3763 485 3836 seeundo
502 3761 590 3833 folio
606 3758 658 3859 In
673 3760 897 3858 obferioribus
914 3801 922 3818 ·

220 3874 325 3951 Libri
337 3874 488 3969 gechiel
499 3872 626 3946 Ysaias
639 3877 677 3946 in
689 3896 761 3945 vno
771 3874 955 3946 volumine
967 3877 1006 3945 in
1019 3871 1176 3946 seeundo
1189 3875 1275 3945 folio
1288 3871 1374 3947 Jori
1383 3876 1567 3972 imposuit·

219 3987 321 4060 Item
339 3996 494 4081 quotuor
510 3986 593 4057 libri
610 3985 754 4082 Regum
771 3986 843 4058 dno
861 3985 1153 4081 Paralipominon
1172 3995 1210 4057 et
1229 3987 1300 4057 duo
1319 3986 1400 4058 libri
1415 3986 1566 4061 Mocho-

274 4101 424 4172 beornm
440 4099 479 4169 in
496 4121 568 4170 vno
586 4099 770 4176 volumino
786 4099 825 4169 in
843 4095 1000 4171 seeundo
1017 4098 1103 4170 folio
1125 4095 1374 4194 Prophetarum
1392 4141 1399 4154 ·

219 4214 377 4286 Summo
393 4207 630 4283 confessorum
647 4211 823 4304 incipiens
840 4212 879 4281 in
895 4207 1052 4283 seeundo
1069 4209 1157 4281 folio
1174 4208 1233 4282 De
1248 4209 1307 4306 rfir
1320 4208 1444 4304 pollij·

218 4325 418 4398 Sermones
436 4322 671 4396 dominicales
688 4323 902 4417 inoipientes
920 4324 958 4393 in
975 4319 1132 4394 seeundo
1150 4320 1236 4392 folio
1255 4318 1318 4392 Ao
1333 4331 1389 4393 et·

218 4435 419 4509 Sermones
443 4434 491 4512 ‚de
518 4432 731 4528 quibusdam
755 4432 884 4508 sanuis
910 4435 1128 4528 incipientes
1155 4434 1192 4504 in
1221 4430 1377 4506 seeundo
1403 4434 1489 4508 folio
1514 4437 1569 4512 Et

273 4549 394 4646 esser·
