4050 5534
257 655 367 753 xus]
726 653 1131 732 annnnonnnsn.
1201 697 1205 716 .
1526 669 1600 744 arr

255 867 375 943 nostre
397 880 437 942 et
460 891 526 964 pro
549 869 688 942 tundis
711 865 878 942 fidelibus
902 868 1080 946 dosundtis
1107 871 1231 944 diuina
1253 869 1453 945 celebrabit
1472 894 1594 946 rorum

255 983 432 1056 ditiorum
456 1003 656 1076 paupemm
681 983 734 1054 eis
750 1006 774 1055 a
796 981 900 1055 nobis
924 979 1168 1056 concessarum
1188 989 1229 1056 vt
1254 978 1354 1056 saluo
1379 991 1418 1056 et
1442 981 1596 1056 honesto

254 1097 360 1169 iuxta
387 1094 580 1170 facultates
605 1091 799 1168 elemosine
823 1089 945 1167 nostre
970 1089 1105 1167 eisdem
1129 1094 1363 1190 prouideatur
1386 1095 1595 1191 generalem

254 1207 389 1284 babeat
417 1203 765 1280 administrationem
790 1243 800 1262 ·
832 1216 873 1278 et
898 1198 924 1275 fi
948 1206 1046 1279 circa
1076 1206 1275 1301 preditum
1302 1202 1595 1280 substitutionem

254 1319 482 1416 negligentes
493 1317 668 1391 fuerimus
684 1319 780 1412 quod
797 1312 889 1391 absit
903 1315 962 1390 vol
977 1317 1110 1391 ceteris
1126 1313 1287 1415 negocijs
1302 1319 1342 1390 in
1354 1319 1502 1392 remotis
1515 1341 1596 1414 pre·

254 1420 370 1526 pediti
385 1431 455 1503 hoo
471 1428 669 1524 adimplere
693 1453 768 1519 non
783 1430 947 1504 valentes
963 1452 1010 1503 ne
1028 1424 1221 1504 elemosina
1236 1425 1357 1504 nostra
1380 1432 1420 1503 in
1445 1453 1596 1504 numero

253 1541 498 1638 predidorum
530 1564 730 1637 pauperum
758 1565 807 1615 ex
833 1563 936 1615 mora
967 1537 1201 1634 dispensando
1234 1542 1466 1636 protrahatur
1497 1545 1594 1635 quod

255 1653 374 1728 ditius
398 1653 605 1749 capellanus
637 1653 718 1727 loco
747 1654 911 1728 cedentis
943 1650 1003 1725 vel
1038 1653 1248 1728 decedentis
1281 1656 1449 1748 pauperis
1483 1654 1596 1728 alium

257 1788 414 1862 egenum
430 1767 533 1840 ouius
552 1765 675 1860 inopia
697 1766 829 1838 merito
853 1765 1018 1861 indigeat
1034 1761 1229 1840 elemosina
1252 1761 1443 1840 sustentari
1468 1763 1595 1840 substi-

256 1888 339 1952 tuat
363 1878 523 1973 alioquin
547 1878 652 1951 nobie
669 1885 707 1951 et
722 1876 916 1950 heredibus
932 1871 1061 1950 nostris
1085 1875 1289 1951 huiusmodi
1315 1875 1524 1952 substitutio
1539 1901 1595 1951 re-

256 1988 420 2066 sornotur
435 2031 446 2050 ·
463 1986 678 2086 Obligamus
687 1990 799 2062 etiam
811 2010 877 2062 nos
889 1995 929 2061 et
936 1988 1088 2062 heredes
1101 1987 1240 2063 nostros
1253 2011 1394 2063 necnon
1404 2000 1443 2064 et
1456 1999 1596 2064 eeteros

257 2099 397 2177 nostros
414 2098 624 2176 successores
639 2123 707 2174 nos
723 2109 762 2174 et
778 2098 873 2196 ipsos
887 2097 1121 2174 iurisdietioni
1147 2098 1304 2196 episcopi
1326 2099 1595 2176 Aberdonenfis

258 2217 320 2309 qui
336 2238 402 2309 pro
415 2224 580 2309 temporo
593 2213 704 2287 luerit
719 2210 940 2308 subjiciendo
956 2210 1017 2284 161
1037 2211 1091 2308 [ot
1105 2210 1221 2308 liccat]
1238 2213 1272 2285 ei
1288 2235 1354 2286 nos
1367 2222 1406 2285 et
1422 2210 1515 2308 ipsos
1531 2237 1597 2309 per

258 2325 444 2402 censuram
457 2321 1089 2401 ecolesrasticamadobseruationem
1102 2325 1196 2400 diste
1206 2321 1400 2398 elemosine
1412 2321 1597 2400 6111111611-

259 2439 436 2513 tationem
452 2447 495 2512 rt
513 2439 648 2512 ditium
666 2433 721 2511 est
738 2435 956 2532 compellere
973 2474 982 2491 ·
997 2436 1243 2530 renunciando
1259 2438 1299 2509 in
1313 2436 1383 2510 hae
1403 2447 1507 2531 parte
1531 2461 1596 2533 pro

259 2552 364 2626 nobis
380 2561 420 2624 et
431 2550 625 2626 heredibus
640 2549 770 2624 nostris
787 2559 826 2622 et
842 2549 974 2621 ceteris
990 2545 1244 2622 succellhribus
1261 2545 1390 2623 nostris
1406 2545 1597 2623 cuiussibet

260 2664 347 2736 iuris
356 2664 517 2736 remedio
528 2685 595 2758 per
604 2662 701 2756 quod
711 2660 806 2735 dista
815 2654 1010 2734 elemosina
1017 2661 1147 2734 deferri
1155 2655 1272 2756 posset
1281 2669 1345 2733 aut
1357 2661 1537 2756 impediri·
1550 2660 1597 2736 In

261 2774 364 2848 cuins
373 2776 426 2848 rei
436 2771 684 2848 testimonium
695 2773 780 2846 huie
792 2770 924 2867 scripto
937 2767 1094 2866 srgillum
1104 2770 1266 2846 nostrum
1275 2773 1428 2846 fecimus
1444 2777 1595 2869 apponi·
1633 2854 1637 2863 ,

262 2885 332 2960 His
348 2883 502 2961 testibus
524 2887 671 2959 domino
698 2884 856 2960 Ricardo
881 2883 954 2956 Dei
980 2884 1099 2980 gratia
1126 2881 1291 2978 episcopo
1317 2880 1595 2959 Aberdonensr·

262 2999 408 3074 domino
424 2998 616 3072 Willelmo
642 2999 777 3072 comite
805 2996 852 3070 de
876 2994 1003 3070 Matre
1020 3036 1030 3053 ·
1048 2995 1194 3068 domino
1219 2993 1412 3069 Willelmo
1436 2995 1598 3094 Comyne

262 3109 381 3186 milite
397 3111 568 3183 domino
585 3108 621 3182 R
636 3148 647 3168 ·
663 3108 757 3182 dioto
775 3107 901 3182 Obens
917 3106 1037 3181 milite
1053 3105 1268 3201 ·Radulpho
1286 3101 1434 3180 halselis
1445 3107 1598 3182 clerico·

264 3217 414 3319 megisto
431 3222 500 3296 R·
526 3222 573 3294 de
597 3219 839 3317 Stratheburg
863 3229 952 3295 tunc
977 3217 1121 3294 officiali
1146 3214 1398 3294 Aberdonensr
1424 3231 1462 3294 et
1491 3221 1597 3316 alijs·

263 3331 399 3408 Adam
426 3324 523 3429 ap'ud
547 3331 662 3428 Kelly
685 3334 725 3406 in
750 3331 904 3407 Buchan
928 3333 989 3406 dis
1006 3332 1148 3406 veneris
1173 3332 1339 3426 proxime
1363 3327 1443 3426 post
1466 3329 1599 3408 festum

263 3443 373 3520 uoti
388 3447 534 3521 Mathei
551 3441 702 3541 apostoli
718 3454 758 3518 et
773 3441 998 3544 euangelista
1013 3467 1110 3520 anno
1125 3444 1243 3541 gratie
1259 3439 1450 3518 millesimo
1467 3444 1600 3522 ducen-

262 3552 392 3632 tefimo
408 3553 628 3657 sexagesimo
644 3558 761 3652 primo
777 3597 787 3616 ·

265 3865 463 3970 Vniuerfis
474 3891 592 3971 hace
607 3897 733 3970 matris
750 3891 899 3969 ecclesre
910 3895 994 3991 filijs
1010 3893 1122 3992 Hugo
1140 3890 1211 3967 Dei
1227 3894 1345 3990 gratia
1362 3893 1600 3970 Aherdonen-

264 4005 307 4083 fis
323 4002 473 4084 ecclesie
488 4005 651 4081 minister
661 4006 809 4082 humilis
821 4005 976 4082 salntem
987 4046 997 4065 ·
1008 4007 1135 4082 Scient
1153 4005 1335 4100 presentes
1347 4016 1387 4081 ot
1403 4007 1519 4082 futuri
1536 4033 1602 4083 nos

264 4119 308 4194 de
330 4116 505 4194 consensu
529 4130 568 4192 et
592 4115 729 4194 offensu
754 4118 904 4214 capituli
927 4115 1038 4193 nostri
1056 4113 1188 4192 dediffe
1213 4129 1253 4194 et
1276 4119 1344 4194 hac
1361 4129 1461 4194 certa
1483 4119 1603 4198 nostre

263 4227 483 4306 confirmasse
494 4231 685 4306 Willelmo
701 4231 924 4306 deTatenell
936 4233 1074 4306 homini
1091 4227 1212 4304 nostro
1228 4233 1267 4303 in
1284 4232 1391 4304 feodo
1404 4242 1443 4305 et
1458 4232 1603 4308 heredi·

264 4355 341 4419 tate
356 4343 438 4418 illas
461 4344 549 4418 duas
565 4353 751 4420 carucatas
767 4353 864 4420 terre
879 4345 919 4418 in
936 4343 1218 4440 Kynalchmond
1234 4365 1322 4438 quas
1339 4367 1464 4418 comes
1481 4344 1603 4420 Dauid

265 4453 413 4532 66616116
425 4452 547 4530 nostre
562 4468 602 4532 et
617 4453 783 4554 episcopo
800 4455 955 4533 Matheo
973 4457 1113 4531 dederit
1132 4497 1141 4515 ·
1158 4454 1347 4530 Tenendas
1365 4466 1404 4530 et
1419 4456 1604 4532 habendas

265 4565 330 4642 fibi
356 4577 396 4644 et
419 4569 613 4645 heredibus
635 4568 707 4645 suis
732 4571 779 4644 de
803 4571 909 4646 nobis
933 4580 973 4646 et
991 4565 1246 4647 suecessoribus
1265 4565 1396 4644 nostris
1420 4568 1534 4644 libere
1564 4584 1602 4643 et
