4050 5534
248 653 352 750 xvc]
721 656 1125 732 Annnoonnnsn.
1524 667 1594 739 107

246 851 461 929 neeeflitete
477 867 629 954 cogetur
645 867 684 930 et
701 866 790 931 tunc
815 860 934 952 petita
950 867 989 930 et
1006 858 1159 930 obtento
1185 859 1334 932 licentio
1350 885 1372 934 o
1387 855 1592 956 presidente

247 970 349 1042 chori
374 968 511 1044 seilicet
528 973 665 1045 decano
683 980 748 1043 out
765 980 913 1044 cantore
936 979 975 1042 et
991 973 1030 1041 in
1047 967 1210 1043 absentie
1235 994 1360 1059 eorum
1379 997 1400 1044 a
1417 973 1590 1044 cononice

246 1080 388 1154 seniore
412 1082 645 1156 interessente
669 1108 734 1178 pro
760 1095 849 1156 tune
867 1094 906 1157 et
922 1085 960 1155 in
977 1081 1140 1156 absentia
1165 1087 1330 1157 canonici
1351 1086 1397 1158 ob
1422 1086 1591 1157 ebdoma-
1685 1167 1691 1178 ,

246 1197 349 1268 dorio
375 1192 443 1267 nisi
467 1197 562 1268 forte
591 1199 630 1268 in
659 1193 760 1269 misse
788 1198 826 1268 in
857 1219 929 1289 quo
958 1195 1042 1267 casu
1066 1206 1156 1268 tunc
1186 1221 1208 1269 o
1237 1207 1384 1270 cantore
1414 1199 1513 1270 chori
1543 1221 1590 1268 ex

246 1317 352 1402 porte
369 1307 434 1381 illo
458 1311 496 1381 in
522 1332 594 1402 quo
618 1306 672 1381 est
689 1309 964 1381 ebdomadarius
982 1317 1023 1378 vt
1039 1305 1146 1401 supra
1161 1309 1286 1381 habite
1303 1307 1589 1382 consideratione

191 1430 197 1439 '
245 1423 292 1493 od
319 1418 412 1493 festo
435 1423 573 1493 maiora
588 1423 730 1494 minore
754 1430 794 1493 et
818 1421 896 1493 dies
921 1419 1065 1492 feriales
1093 1461 1101 1477 ·
1130 1420 1228 1493 Item
1254 1444 1379 1494 omnes
1409 1424 1588 1494 intrantes

245 1543 286 1606 et
316 1543 496 1606 exeuntes
521 1534 670 1606 chorum
696 1535 757 1627 qui
783 1534 919 1605 ibidem
946 1529 1113 1605 interesse
1137 1543 1312 1608 tenentur
1334 1534 1589 1606 inclinationes

244 1649 385 1719 socient
402 1646 544 1718 debitos
569 1647 686 1740 primo
702 1644 809 1718 altori
834 1642 990 1717 secundo
1017 1644 1181 1740 episcopo
1192 1642 1226 1722 ,11
1243 1645 1388 1740 presens
1414 1649 1524 1718 fuerit
1550 1648 1588 1718 in

244 1762 352 1831 onius
373 1756 534 1830 absentie
558 1759 695 1830 decano
723 1799 731 1815 ·
763 1757 860 1829 Item
886 1757 981 1849 quod
1010 1757 1134 1830 diuine
1161 1758 1286 1830 leudes
1314 1759 1390 1855 [cto.
1421 1769 1455 1833 ot
1472 1759 1589 1856 sopra

243 1895 306 1966 rr·
327 1869 482 1964 62-4·]

244 2096 420 2169 Facultes
436 2092 585 2167 ecclesio
610 2094 825 2168 cathedralis
848 2090 1134 2168 Abbirdonensro
1157 2098 1262 2170 autito
1286 2106 1325 2168 et
1353 2105 1589 2191 augmentata

241 2203 442 2282 snceeffiue
458 2231 522 2302 per
534 2208 753 2280 reuerendos
769 2208 808 2279 in
825 2205 968 2280 Christo
978 2215 1101 2302 potres
1117 2231 1160 2280 ao
1177 2208 1341 2280 dominos
1356 2208 1588 2280 Willelmum

242 2319 466 2417 Elphinllon
483 2331 522 2392 et
539 2320 733 2394 Gewinum
752 2319 905 2392 Dunber
921 2321 1103 2414 quondam
1129 2330 1168 2392 et
1194 2322 1239 2392 de
1256 2319 1413 2416 presenti
1439 2317 1588 2393 ecclesie

242 2430 534 2508 Abbirdonenfis
559 2431 743 2528 episcopos
760 2434 807 2504 od
831 2429 1130 2524 sustentationem
1149 2435 1362 2506 vicariorum
1380 2435 1479 2506 chori
1498 2432 1589 2505 eius-

241 2551 332 2620 dem
359 2542 509 2619 ecclesie
524 2555 564 2617 et
581 2546 736 2617 oliorum
752 2547 791 2615 in
809 2545 936 2617 eodem
954 2541 1237 2617 ministrantium
1254 2545 1299 2619 ed
1315 2545 1490 2618 honorem
1517 2545 1588 2618 Dei

239 2673 282 2734 et
310 2654 514 2734 beotiffime
538 2659 827 2750 intemerateque
842 2658 993 2752 'virginis
1015 2660 1202 2752 genitricis
1226 2657 1385 2730 eiusdem
1402 2655 1587 2752 seqnitur·

239 2775 344 2846 Aea
369 2795 464 2844 anno
480 2771 629 2843 Domini
646 2766 836 2841 msslefimo
853 2768 1139 2864 quingentesimo
1153 2772 1298 2842 decimo
1314 2795 1410 2843 nono
1430 2825 1438 2841 .

240 2995 447 3093 Episcopus
481 3049 490 3068 .
592 3049 600 3066 .
702 3049 711 3065 .
786 3017 813 3065 x
830 2993 893 3065 lio.
945 2993 1155 3067 Abbirdour
1192 3051 1200 3066 .
1239 2995 1357 3089 vjlio.
1370 2997 1435 3089 xiij
1454 2993 1483 3066 13.
1502 2999 1538 3067 iv
1551 2996 1587 3068 d.

240 3111 420 3184 Deconuo
480 3161 490 3181 .
592 3159 601 3178 .
702 3161 710 3176 .
749 3108 809 3201 xvj
828 3105 892 3178 lio.
943 3105 1079 3180 Forbes
1192 3161 1200 3180 .
1303 3161 1311 3177 .
1413 3110 1504 3202 .iiij
1524 3109 1586 3180 lib.

238 3225 389 3298 Cantor
481 3275 490 3293 .
541 3221 575 3314 vj
594 3219 657 3290 lio.
674 3219 738 3312 xiij
757 3218 790 3288 13.
807 3219 844 3289 iv
857 3216 892 3289 (1.
945 3217 1080 3290 Elloun
1193 3275 1201 3290 .
1303 3275 1311 3291 .
1413 3274 1421 3291 .
1469 3221 1506 3314 iij
1526 3221 1586 3293 lio.

238 3335 495 3410 cancellarius
592 3386 600 3403 .
702 3331 811 3424 .viij
829 3330 892 3402 lib.
943 3329 1166 3424 Kyneerdyn
1193 3386 1200 3402 .
1228 3332 1291 3425 xiij
1306 3332 1369 3402 lio.
1381 3333 1444 3424 xiij
1460 3329 1490 3402 11
1503 3331 1586 3403 ivd.

236 3447 500 3522 Thesaurorius
533 3447 567 3539 vj
585 3445 649 3515 lio.
667 3445 731 3538 xiij
749 3439 783 3514 st
801 3445 838 3513 iv
855 3440 891 3514 d.
942 3439 1189 3537 Innemocbty
1243 3465 1267 3513 v
1284 3443 1347 3516 1111.
1364 3445 1398 3538 vj
1419 3443 1453 3514 13.
1472 3444 1532 3537 viij
1551 3441 1586 3515 d.

237 3562 535 3634 Archidioconue
555 3560 593 3628 ix
607 3556 670 3627 lio.
686 3557 720 3650 vj
734 3554 767 3625 o.
782 3555 843 3648 viij
857 3552 893 3626 d.
945 3552 1112 3627 Philorth
1193 3609 1201 3626 .
1303 3611 1310 3627 .
1413 3610 1422 3627 .
1483 3579 1506 3626 v
1524 3556 1585 3628 lio.

237 3673 428 3766 Balheluy
478 3725 487 3742 .
537 3670 571 3763 vj
590 3667 653 3740 lib.
672 3670 735 3762 xiij
754 3665 785 3738 13.
802 3670 839 3738 iv
855 3664 892 3739 d.
944 3667 1117 3738 Methlak
1192 3671 1266 3762 ‚vj
1285 3669 1347 3740 lib,
1366 3671 1429 3762 xiij
1448 3665 1479 3738 li.
1497 3667 1587 3741 ivd.

237 3785 463 3859 Murthlock
522 3782 636 3876 vjlio.
654 3781 718 3874 xiij
737 3777 767 3851 13.
785 3783 838 3875 iiij
856 3777 892 3850 d.
943 3775 1125 3851 Tulinesse
1190 3837 1198 3852 .
1298 3836 1307 3853 .
1409 3835 1417 3852 .
1469 3783 1506 3852 iv
1522 3782 1585 3853 lit.

236 3899 354 3995 Oyne
476 3951 484 3967 .
522 3895 638 3989 vj1io.
656 3893 720 3986 xiij
739 3890 770 3964 13.
787 3893 838 3986 iiij
857 3889 893 3963 d.
945 3890 1131 3964 Dulmaok
1188 3947 1195 3962 .
1298 3947 1305 3964 .
1374 3894 1424 3986 liij
1444 3888 1479 3963 ll.
1497 3892 1585 3966 ivd.

236 4009 519 4084 Innercroudon
539 4007 651 4102 vjlit.
665 4007 728 4098 xiij
743 4002 774 4075 13.
788 4006 839 4098 iiij
853 4001 889 4075 d.
939 4002 1085 4076 Turreff
1183 4058 1191 4075 .
1293 4059 1301 4076 .
1403 4059 1411 4076 .
1454 4005 1505 4100 xij
1523 4006 1585 4078 lib.

236 4125 353 4199 Clate
477 4173 486 4191 .
550 4119 651 4192 vlit.
669 4117 704 4210 vj
723 4116 756 4188 ll.
775 4117 835 4210 viij
854 4114 890 4188 d.
942 4113 1107 4209 Kynkell
1184 4171 1191 4188 .
1294 4171 1302 4187 .
1405 4119 1504 4211 .va
1524 4118 1585 4190 lio.

234 4235 469 4329 Banquhory
521 4233 553 4326 vj
572 4231 634 4304 lio.
652 4229 714 4323 xiij
733 4226 764 4299 13.
782 4229 832 4322 iiij
854 4224 890 4299 11.
942 4226 1124 4300 Rothwen
1186 4283 1193 4299 .
1296 4283 1303 4298 .
1406 4283 1414 4299 .
1466 4232 1504 4300 ix
1523 4231 1585 4303 lit.

234 4349 348 4443 Deyr
478 4399 486 4416 .
588 4343 705 4435 .xlvj
725 4340 759 4411 ll.
777 4341 837 4434 viij
856 4337 892 4412 d.
943 4337 1136 4412 Ooldstane
1185 4394 1193 4411 .
1296 4396 1304 4412 .
1407 4396 1414 4412 .
1484 4364 1507 4411 v
1524 4342 1585 4414 lio.

234 4459 509 4536 Greithmonde
589 4511 597 4527 .
700 4509 708 4526 .
788 4475 812 4519 v
829 4453 890 4525 lib.
943 4447 1164 4548 Monymusk
1295 4507 1303 4524 .
1405 4456 1505 4548 .viij
1524 4455 1586 4527 lib.

235 4576 429 4666 hummey
479 4622 489 4641 .
537 4572 577 4641 iv
592 4567 703 4661 liovj
722 4564 757 4638 ll.
774 4565 836 4658 viij
854 4562 888 4636 o·

743 4678 895 4751 Summa
918 4676 995 4771 ij⁰ix
1021 4677 1082 4749 lib.
