4050 5534
444 2237 683 2311 confirmacio
701 2237 866 2333 Gregorij
880 2237 978 2331 Pcpc
992 2235 1063 2306 XI.
1077 2235 1182 2330 super
1198 2235 1386 2331 priuilegio
1399 2232 1644 2330 episcoporum
1660 2235 1789 2308 Scocic

444 2351 489 2421 dc
508 2348 733 2423 testamentis
750 2373 875 2422 eorum
893 2350 1090 2421 condendis
1108 2389 1115 2406 ·

443 2549 654 2669 Gregorius
679 2569 864 2666 episcopus
890 2569 1012 2643 seruus
1038 2569 1221 2644 seruorum
1247 2570 1318 2644 Dei
1344 2573 1607 2646 venerabilibus
1625 2573 1788 2666 patribus

441 2687 564 2761 Saum
581 2683 730 2756 Andree
747 2693 785 2757 et
803 2679 1033 2778 Glusguensrs
1059 2678 1206 2756 diocefis
1231 2708 1272 2756 ac
1295 2679 1587 2757 Abberdonensrs
1613 2683 1786 2779 episcopis

440 2801 593 2874 salutem
610 2807 649 2870 et
666 2793 897 2891 apostolicam
913 2795 1202 2867 benedittionem
1221 2835 1229 2852 ·
1247 2793 1348 2868 iustis
1373 2799 1575 2890 petentium
1603 2793 1784 2890 defiderijs

439 2915 594 2986 libenter
610 2911 802 2983 annuimus
820 2932 933 3002 esque
947 2909 1070 2980 fauore
1083 2907 1329 3002 prosequimur
1341 2919 1520 3002 oportuno
1533 2948 1541 2965 ·
1556 2907 1652 2980 Sane
1670 2931 1784 3001 nuper

439 3025 630 3119 quomdam
644 3017 903 3095 conccffionem
921 3043 986 3114 per
998 3019 1094 3092 clare
1112 3021 1283 3091 memorie
1301 3019 1422 3092 Dauid
1433 3044 1555 3114 regem
1566 3019 1694 3092 Scccie
1708 3021 1784 3089 vni-

438 3135 549 3210 uersrs
561 3132 735 3230 episcopis
744 3134 845 3229 regni
856 3130 1043 3204 suiScocie
1054 3131 1184 3205 sottum
1197 3132 1409 3205 auctoritate
1423 3129 1617 3226 apostolica
1627 3157 1673 3204 ex
1684 3143 1784 3204 certa

438 3249 590 3323 sciencia
614 3271 679 3342 per
703 3241 839 3317 nostros
862 3245 985 3317 literas
1011 3245 1181 3316 duximus
1207 3243 1488 3317 confirmandum
1514 3268 1665 3338 quarum
1683 3245 1783 3315 litte-

395 3442 399 3451 ,
437 3384 554 3434 rorum
573 3370 680 3432 tenor
694 3355 856 3450 sequitur
871 3359 910 3429 in
926 3357 993 3428 hec
1012 3357 1121 3428 verbo
1135 3397 1142 3414 ·
1156 3355 1351 3454 Gregorius
1369 3355 1553 3451 episcopus
1571 3354 1695 3428 seruus
1713 3355 1783 3428 ser·

436 3496 563 3544 uorum
581 3469 653 3542 Dei
678 3471 723 3542 cd
749 3479 961 3563 perpetuam
987 3469 1039 3540 rei
1063 3470 1273 3541 memoriam
1298 3470 1367 3541 hiis
1383 3492 1448 3565 per
1464 3494 1534 3563 que
1552 3465 1781 3542 ecclesiarum

435 3596 473 3656 et
502 3580 731 3678 personarum
760 3576 1076 3653 ecclefiasticarum
1103 3590 1141 3652 et
1166 3579 1352 3674 presertim
1379 3581 1577 3676 pontificali
1602 3583 1780 3676 dignitate

435 3697 653 3791 proditarum
672 3693 822 3764 vtilitati
840 3690 1037 3764 consulitur
1053 3703 1093 3762 vt
1110 3691 1250 3765 illibata
1273 3689 1468 3766 consistunt
1484 3693 1641 3766 libenter
1658 3693 1780 3765 udiici·

432 3831 514 3880 mus
531 3803 714 3900 apostolici
732 3805 941 3875 muniminis
957 3803 1166 3875 firmitatem
1184 3841 1192 3859 ·
1212 3804 1308 3877 Sane
1325 3807 1456 3899 petitio
1473 3829 1537 3900 pro
1553 3817 1656 3901 parte
1670 3829 1778 3876 vene-

432 3920 597 3992 mbilium
615 3917 768 3988 fratrum
782 3911 983 3986 nostrorum
1000 3914 1245 3988 vniuersorum
1264 3917 1511 4012 episcoporum
1528 3921 1629 4015 regni
1649 3917 1776 3990 Scocie

430 4032 533 4104 nobis
549 4053 667 4123 nuper
693 4027 857 4099 exhibita
881 4029 1092 4100 continebat
1117 4031 1212 4122 quod
1231 4029 1317 4101 olim
1344 4029 1439 4102 clare
1465 4033 1638 4103 memorie
1656 4029 1775 4102 David

431 4167 496 4216 rex
523 4143 651 4214 Scocie
680 4136 832 4212 asserens
849 4162 895 4210 ex
913 4137 1171 4213 cousuetudine
1197 4143 1242 4214 ab
1268 4133 1427 4235 antiquis
1453 4145 1657 4216 introducta
1682 4153 1775 4214 tem·

431 4255 575 4348 poribus
601 4263 641 4324 ct
666 4251 775 4344 usque
800 4261 888 4322 tunc
910 4252 1121 4325 continuata
1147 4277 1211 4347 per
1235 4277 1319 4326 eum
1345 4266 1384 4326 et
1408 4252 1669 4349 predecessores
1694 4252 1773 4325 suos

431 4376 603 4459 tunquam
620 4387 684 4458 pro
701 4363 891 4458 priuilegio
907 4360 1050 4457 speciali
1068 4363 1248 4438 seruatum
1266 4361 1368 4438 fuisse
1386 4370 1480 4460 quod
1502 4369 1597 4441 bona
1613 4390 1773 4462 quecun-

432 4501 502 4571 que
518 4477 667 4548 mobilis
691 4471 937 4569 cpiscoporum
967 4479 1069 4570 regui
1099 4479 1248 4571 predidti
1276 4489 1438 4573 tempore
1464 4484 1590 4552 mortis
1616 4477 1771 4575 ipsorum
