4050 5534
425 672 498 744 246
945 659 1252 737 REGISTRUM
1615 663 1768 760 [ιιιουιι

426 891 560 942 nomen
595 877 701 940 tuum
735 887 855 958 neque
879 864 990 936 faciae
1014 862 1120 935 nobie
1145 861 1405 936 contumeliam
1430 859 1507 958 solij
1533 862 1768 958 gloriatae·

427 981 632 1054 Recordare
657 1003 704 1053 ne
721 978 862 1051 irritum
879 975 989 1049 faciae
1014 975 1118 1046 fedus
1135 982 1241 1047 tuum
1258 971 1470 1049 nobiscum·
1461 973 1667 1067 ·Nunquid
1686 971 1767 1045 sunt

427 1096 466 1165 in
482 1091 709 1188 sculptilibus
729 1089 896 1185 gentium
921 1089 985 1182 qui
1008 1086 1139 1182 pluant
1164 1094 1229 1159 aut
1253 1085 1323 1160 celi
1339 1081 1483 1180 pellunt
1501 1086 1586 1158 dare
1603 1085 1768 1181 hymbree

428 1201 742 1278 nifltuvolueriei
773 1201 911 1274 Nonne
923 1210 1016 1273 tuee
1030 1199 1197 1270 dommus
1208 1198 1297 1272 dene
1310 1193 1554 1292 nosterquem
1567 1199 1768 1292 expedtaui-

428 1319 533 1392 muel
581 1315 638 1389 Tu
655 1317 754 1389 enim
771 1309 888 1388 fecisti
903 1313 1026 1385 omnia
1042 1311 1111 1386 hec
1127 1311 1275 1384 demine
1292 1311 1381 1386 deur
1398 1307 1541 1383 noster·

677 1645 864 1720 Terraene
881 1665 993 1718 ιιιιιιι
1010 1686 1020 1703 ·
1040 1643 1186 1718 Laeuo
1205 1665 1311 1718 ιιιιιιι
1331 1643 1510 1720 Heerde-

478 1874 525 1946 In
550 1873 678 1946 diebue
702 1871 776 1944 illie
800 1873 918 1943 orauit
943 1865 1079 1943 Hester
1095 1869 1142 1943 ed
1159 1870 1348 1946 dominum
1372 1871 1497 1946 dicens
1522 1871 1683 1948 Domine
1703 1899 1771 1948 rex

428 1988 658 2082 omnipotens
691 1987 730 2058 in
764 1983 903 2056 ditione
935 1992 1001 2056 tua
1034 1979 1168 2055 cundia
1199 1980 1284 2056 sunt
1302 1981 1429 2080 polita
1456 1995 1496 2058 et
1526 2009 1599 2058 non
1630 1985 1771 2084 estqui

426 2094 534 2196 poffit
550 2093 712 2171 relistere
738 2095 919 2168 voluntati
944 2104 1009 2168 tue
1027 2135 1035 2156 ·
1054 2092 1095 2167 Si
1115 2094 1318 2170 decreuerit
1343 2094 1482 2170 saluere
1506 2121 1573 2170 noe
1598 2103 1771 2175 continuo

427 2211 664 2284 liberabimur
680 2250 688 2268 ·
706 2207 764 2281 Τιι
780 2211 880 2280 enim
895 2209 1042 2280 demina
1067 2203 1182 2280 fecisti
1206 2207 1327 2282 celum
1344 2217 1384 2282 et
1399 2217 1534 2284 terram
1552 2221 1591 2284 et
1608 2213 1773 2286 vniuersa

428 2346 500 2417 que
518 2321 587 2396 celi
604 2322 745 2394 ambitu
770 2321 1007 2393 continentur
1025 2359 1034 2376 ·
1050 2317 1107 2390 Τιι
1124 2340 1164 2390 ee
1180 2319 1349 2394 dominus
1371 2322 1534 2393 omnium
1554 2332 1594 2394 et
1620 2346 1696 2396 non
1718 2321 1771 2396 est

428 2439 490 2530 qui
508 2430 646 2507 resistet
664 2433 845 2506 voluntati
861 2441 952 2506 tue·
971 2431 1022 2505 Et
1038 2453 1136 2504 nunc
1153 2432 1300 2510 domine
1322 2457 1389 2506 rex
1404 2457 1532 2529 regum
1549 2435 1638 2508 deu·
1654 2435 1771 2510 Abra·

427 2548 514 2620 ham
537 2544 707 2619 miserere
731 2544 866 2642 populo
891 2555 958 2618 tue
984 2545 1070 2640 quia
1095 2543 1225 2618 volunt
1246 2567 1313 2618 noe
1336 2545 1473 2618 inimici
1494 2543 1604 2619 nostri
1621 2549 1770 2641 perdere

429 2671 468 2731 et
484 2659 728 2732 hereditatem
749 2668 851 2731 tuam
867 2658 990 2731 delere
1008 2699 1017 2718 ·
1036 2655 1099 2728 Ne
1115 2655 1287 2752 despicies
1303 2665 1445 2752 partem
1462 2680 1571 2750 quam
1588 2657 1770 2732 redemisti

427 2773 497 2844 tibi
524 2770 586 2844 sed
603 2772 736 2845 exaudi
753 2771 1046 2866 deprecationem
1066 2765 1224 2842 nostram
1250 2777 1289 2842 et
1317 2771 1494 2864 propitius
1519 2767 1595 2842 estc
1619 2768 1707 2844 sorti
1733 2782 1771 2844 et

427 2883 591 2958 funiculo
606 2884 820 2956 hereditatis
842 2893 908 2956 tue
921 2921 931 2942 ·
944 2883 995 2956 Et
1011 2892 1187 2955 conuerte
1203 2881 1341 2956 ludum
1364 2879 1526 2955 nostrum
1543 2885 1581 2956 in
1597 2885 1768 2980 gaudium

427 3010 468 3068 vt
485 2997 652 3069 viuentee
670 2995 859 3068 laudemus
876 3017 1009 3068 nemen
1028 3004 1135 3066 tuum
1152 3004 1191 3067 et
1204 3019 1251 3068 ne
1268 2994 1414 3068 claudae
1431 2997 1719 3069 precedentium
1731 3005 1770 3068 te
1896 3077 1904 3093 ,

427 3109 573 3180 domine
589 3108 681 3182 deus
697 3105 840 3179 noster·

477 3548 706 3636 QUEDAM
733 3547 803 3622 DE
830 3545 1160 3622 PONTIFIOUM
1181 3545 1535 3622 SUGOESSIONE
1561 3547 1625 3621 ΕΤ
1650 3547 1719 3622 DE

900 3670 1105 3747 ORDINE
1130 3671 1321 3748 cnoel·

503 3886 651 3961 Βιιιιιιιι
669 3907 816 3963 rerem
834 3881 1144 3962 Αιιιιιιιιοιιιιιιιι
1163 3907 1403 3961 ιοιιιιιιοιιιι
1421 3885 1708 3962 Caraeaoeue·

429 4085 652 4190 Macolmne
669 4108 842 4184 Kennedi
859 4108 1053 4183 Scotorum
1070 4133 1135 4183 rex
1154 4109 1471 4184 Murthtlalreense
1489 4111 1668 4208 templum
1685 4137 1772 4187 con-

427 4227 547 4302 stituit
581 4222 789 4297 cathedrale
825 4246 868 4295 ac
906 4223 1148 4296 reuerendum
1182 4231 1324 4317 patrem
1360 4223 1526 4298 Beanum
1558 4226 1770 4319 pontificem

425 4343 583 4437 primum
608 4337 647 4410 in
672 4337 801 4408 eodem
817 4335 991 4430 prolicere
1007 4329 1105 4408 iuffit
1130 4357 1265 4408 annoe
1289 4331 1433 4408 Christo
1455 4345 1542 4410 neto
1558 4339 1688 4432 quinto
1712 4336 1770 4410 su·

425 4477 490 4546 pra
504 4444 723 4523 milefimum
748 4487 757 4504 ·
775 4447 859 4533 Quo
885 4445 1054 4520 demuto
1079 4447 1119 4519 in
1144 4449 1223 4520 eine
1239 4445 1360 4520 locum
1378 4446 1577 4530 Denortiue
1602 4451 1769 4543 pontifex

424 4573 568 4638 creatus
583 4556 638 4634 est
655 4598 664 4617 ·
682 4559 752 4634 Oui
766 4559 989 4633 Germachue
1006 4599 1016 4617 ·
1034 4557 1105 4633 Oui
1123 4559 1313 4634 Nattanue
1333 4561 1397 4656 qui
1413 4581 1480 4656 per
1494 4555 1769 4638 illustriffirnum
