4050 5534
461 641 530 705 138
987 632 1295 709 REGISTRUM
1649 638 1799 734 [arcear

458 857 701 961 vnuspannus
714 836 760 908 ad
776 836 924 907 modum
940 834 1046 907 vuius
1057 828 1208 905 matrall
1217 833 1275 909 vel
1287 836 1452 931 bautlryn
1471 838 1553 909 roth
1570 836 1616 909 ad
1634 836 1799 909 decorem

458 957 496 1018 et
514 910 767 1019 omamentam
785 972 908 1043 magar
898 946 1050 1019 altaria
1075 954 1114 1017 et
1140 946 1239 1019 chori
1255 957 1295 1018 et
1312 944 1365 1019 est
1381 971 1524 1041 pannus
1544 949 1655 1043 blauij
1674 948 1801 1019 coloris

459 1082 541 1131 eum
559 1056 646 1132 rofis
662 1059 755 1132 albis
771 1062 937 1133 inmixtis
953 1083 1020 1179 per
1035 1068 1156 1131 totum
1174 1056 1204 1153 ]

831 1334 1080 1407 Oaaamaara
1105 1355 1230 1406 mrem
1258 1356 1440 1407 arrama-

458 1512 501 1583 In
522 1514 646 1607 primis
663 1536 727 1607 pro
744 1534 876 1603 magno
895 1510 1002 1583 altari
1028 1513 1188 1605 quinque
1204 1534 1335 1606 mappe
1352 1536 1435 1585 cum
1453 1522 1610 1605 quatuor
1625 1510 1803 1606 spondali-

506 1625 574 1696 bus
604 1646 756 1719 quarum
774 1632 848 1695 tres
867 1622 950 1694 sunt
976 1622 1023 1693 de
1046 1622 1233 1717 Dornwyk
1260 1665 1269 1683 ·
1301 1634 1341 1695 et
1359 1625 1429 1697 due
1445 1624 1521 1697 tale
1538 1625 1613 1697 late
1643 1666 1652 1681 ·
1685 1625 1799 1720 [Item

507 1760 618 1809 vnum
637 1736 803 1830 mappale
821 1758 868 1806 ex
885 1736 981 1807 dono
998 1734 1200 1808 Christiane
1218 1734 1322 1808 Marr
1338 1734 1367 1830 ·]

372 1920 375 1928 .
457 1850 552 1923 Item
572 1872 642 1923 vna
658 1873 771 1944 parua
788 1849 892 1941 peeia
909 1848 954 1919 de
971 1848 1116 1943 hanygo
1134 1888 1143 1905 ·
1162 1846 1258 1919 Item
1277 1848 1349 1920 due
1365 1848 1585 1941 pendicule·

455 1962 551 2033 Item
578 1962 649 2033 due
684 1970 899 2055 manuterge
925 1960 971 2030 de
997 1958 1173 2032 Dornwik
1207 1956 1408 2054 consumpt’
1434 2000 1443 2017 ·
1471 1959 1568 2032 Item
1603 1985 1676 2035 vna
1699 1965 1802 2055 pecia

503 2076 549 2147 de
562 2073 691 2145 Burrel
709 2097 774 2167 pro
791 2073 1018 2167 coopertorio
1036 2110 1045 2130 ·

453 2187 549 2260 Item
568 2209 660 2259 vaus
676 2208 817 2280 pannus
835 2186 880 2256 de
898 2184 1030 2257 blaueo
1047 2207 1112 2279 pro
1130 2184 1315 2257 ferialibus
1331 2186 1460 2257 diebus
1477 2226 1487 2243 ·

454 2300 550 2371 Item
576 2299 647 2371 alia
672 2320 804 2391 mappa
830 2297 875 2368 ad
906 2318 1081 2391 magnum
1110 2294 1225 2367 altare
1253 2320 1337 2369 eum
1368 2297 1515 2369 frontali
1550 2296 1690 2392 srgnato
1717 2298 1803 2371 Aue

503 2409 616 2485 Jhesu
635 2420 673 2482 et
692 2408 839 2481 Maria·

455 2526 552 2597 Item
570 2525 615 2596 ad
641 2522 755 2595 altare
780 2519 890 2593 sanai
916 2518 1096 2593 iohannis
1121 2518 1352 2615 ewangeliste
1377 2523 1401 2614 ij
1428 2522 1609 2616 mappalia
1635 2546 1682 2593 ex
1708 2524 1803 2593 dono

505 2638 695 2732 Lyehtone
712 2633 903 2726 cancelarij
923 2672 931 2691 ·

456 2751 553 2821 Item
583 2751 629 2822 ad
658 2748 773 2822 altare
800 2745 909 2819 saneti
942 2745 1122 2817 columbe
1156 2746 1229 2817 duo
1256 2744 1437 2839 mappalia
1466 2770 1513 2819 ex
1543 2747 1638 2817 dono
1672 2746 1805 2841 Rynde

507 2861 741 2953 thesaurarij·

457 2977 552 3047 Item
580 2985 736 3067 quatuor
762 2972 861 3065 petie
887 2972 932 3042 de
958 2967 1115 3041 fustiane
1140 2992 1205 3062 pro
1232 2980 1397 3064 tempore
1421 2968 1693 3065 quadragesime
1720 2996 1802 3044 cum

507 3088 673 3161 crucibus
690 3086 803 3179 nigris
820 3118 829 3139 ·

456 3202 552 3273 Item
572 3200 731 3293 quinque
750 3198 850 3290 petie
868 3196 913 3267 de
930 3196 1035 3267 viridi
1053 3194 1189 3289 matyffl
1207 3234 1217 3253 ·

458 3316 554 3385 Item
571 3321 645 3383 tres
662 3310 760 3403 petie
779 3307 824 3380 de
842 3306 1050 3401 Charbukyl
1069 3328 1115 3377 er
1135 3308 1229 3379 dono
1248 3305 1404 3402 episcopi
1422 3307 1623 3381 Alexandri
1642 3352 1650 3366 ·

456 3428 553 3499 Item
571 3426 594 3518 ij
613 3425 712 3517 petIe
737 3422 783 3491 de
808 3418 891 3492 albo
909 3444 990 3492 eum
1009 3420 1118 3492 armia
1146 3420 1281 3490 domini
1310 3422 1405 3515 regia
1430 3418 1554 3491 Scotie
1578 3444 1644 3514 per
1660 3423 1805 3495 Gilber-

458 3530 462 3541 ’
507 3548 586 3610 tum
604 3530 835 3630 episcopum·

457 3654 554 3725 Item
580 3660 655 3721 tres
684 3647 783 3741 petie
801 3645 846 3717 de
864 3641 1034 3739 apostolia
1059 3644 1133 3717 tele
1158 3645 1232 3716 late
1258 3646 1353 3738 pilte
1378 3670 1443 3740 per
1468 3646 1654 3719 dominum
1680 3647 1803 3723 Dauid

508 3763 741 3835 Retlroman·

456 3879 553 3950 Item
570 3875 594 3967 ij
613 3873 716 3967 Raya
731 3878 945 3963 manuterge
962 3889 1027 3963 pro
1044 3892 1175 3964 magno
1193 3867 1297 3941 altari
1317 3872 1354 3940 in
1373 3870 1502 3941 diebus
1520 3867 1684 3943 festinis·

456 3991 553 4062 Item
579 3988 602 4080 ij
630 3977 796 4057 curtiffi’e
823 3982 868 4053 de
897 3979 1008 4053 serico
1035 3982 1138 4052 viridi
1167 4004 1232 4075 pro
1262 4004 1394 4076 magno
1420 3982 1524 4053 altari
1552 4006 1703 4074 quarum
1734 4010 1805 4057 vna

502 4100 555 4174 est
581 4100 674 4171 fadta
689 4118 773 4167 eum
792 4093 934 4165 vexillis
952 4103 990 4166 et
1006 4093 1147 4186 reliqua
1162 4103 1328 4165 remanet
1345 4132 1354 4149 ·

456 4218 552 4288 Item
570 4220 725 4305 quatuor
741 4206 939 4301 corporalia
955 4228 1040 4278 eum
1057 4214 1214 4298 quatuor
1230 4202 1358 4277 casulis
1376 4246 1385 4263 ·

456 4328 552 4400 Item
571 4332 725 4417 quatuor
743 4317 940 4413 corporalia
956 4318 1042 4390 data
1051 4341 1117 4411 per
1128 4318 1314 4389 dominum
1333 4316 1566 4411 Ingeramnm
1580 4317 1806 4413 episcopum·

457 4440 554 4511 Item
571 4456 682 4505 vnum
701 4430 884 4525 corporale
901 4430 946 4501 ad
965 4428 1079 4502 altare
1106 4430 1206 4502 beati
1233 4428 1412 4501 iohannis
1438 4454 1483 4502 ex
1512 4431 1606 4503 dono
1633 4430 1804 4505 Duneani

508 4548 696 4643 Lyehtone
715 4542 918 4633 cancellarij
943 4588 946 4597 -
