4050 5534
232 625 331 721 xva]
705 626 1111 703 aesnnonnmsn.
1539 651 1585 721 99
1648 600 1655 615 ‘

235 824 264 895 6.
293 824 452 896 Domino
470 826 619 898 Andree
637 822 731 897 Ross
739 828 784 898 de
801 824 908 921 Oyne
926 824 1093 901 similiter
1202 887 1210 903 .
1311 836 1407 928 xxvj·
1418 833 1451 909 ss,
1471 841 1531 932 viij
1546 838 1581 910 d.

233 942 263 1011 7.
291 934 468 1031 Magistro
485 938 650 1009 Arthuro
668 934 773 1009 Boiis
781 940 827 1010 de
845 938 1038 1011 Murthlak
1198 998 1206 1013 .
1308 946 1395 1039 xxvj
1414 944 1448 1020 sl.
1468 952 1528 1043 viij
1545 949 1579 1021 d.

426 1048 578 1122 Summe
596 1049 703 1121 huius
764 1102 772 1121 .
874 1104 883 1120 .
985 1104 994 1121 .
1096 1105 1104 1122 .

277 1270 326 1342 Et
344 1270 392 1344 src
409 1268 520 1345 restat
537 1282 682 1345 tantum
704 1276 757 1369 iiij
775 1273 837 1344 lin.
857 1274 894 1344 ix
912 1268 946 1343 st
965 1273 1012 1343 de
1031 1273 1276 1367 prebendariis
1294 1278 1530 1377 infrascriptis
1627 1340 1633 1347 .

799 1384 997 1457 videlicet·
1095 1428 1098 1437 ·

375 1494 662 1567 DeMurchtlak
727 1547 736 1567 .
838 1550 846 1567 .
950 1549 958 1567 .
1046 1544 1069 1567 ‹.
1172 1554 1180 1570 .
1283 1504 1399 1595 xxxiij
1419 1506 1453 1575 si.
1471 1506 1521 1600 iiij
1542 1506 1575 1578 d.

373 1605 432 1677 De
450 1606 652 1679 Kincardin
725 1661 1178 1681 .....
1280 1615 1344 1707 xiij
1363 1611 1397 1687 sl.
1416 1617 1466 1709 iiij
1485 1616 1521 1689 d.

373 1716 431 1789 De
449 1717 556 1812 Oyne
611 1772 1176 1792 ......
1278 1727 1311 1818 vj
1331 1722 1365 1797 sl.
1385 1729 1445 1820 viij
1464 1726 1500 1800 d.

372 1827 430 1900 De
448 1828 640 1925 Banchory
721 1884 1174 1904 .....
1276 1837 1309 1928 vj
1328 1832 1362 1907 sl.
1382 1840 1443 1933 viij
1463 1838 1498 1911 d.

372 1940 430 2013 De
447 1940 533 2014 ctat
1276 1950 1309 2041 vj
1330 1949 1362 2017 il.
1383 1952 1443 2044 viij
1462 1951 1497 2023 d.

373 2052 431 2125 De
448 2050 620 2126 Coldstan
1275 2060 1338 2151 xiij
1354 2061 1386 2131 fl.
1406 2062 1455 2153 iiij
1475 2060 1510 2135 d.

371 2164 429 2236 De
447 2165 648 2259 capellania
665 2164 819 2259 episcopi
838 2163 1040 2237 Alexandri
1166 2220 1175 2236 .
1275 2171 1312 2239 ix
1330 2166 1364 2241 sl.

228 2274 351 2349 Restat
377 2277 560 2349 facultatis
586 2279 669 2349 anni
698 2274 976 2371 quingentesimi
1003 2275 1095 2348 sexti
1124 2300 1276 2351 vnacum
1303 2278 1398 2353 resta
1418 2284 1569 2358 duorum

228 2388 454 2460 diaconorum
473 2385 622 2483 singulis
639 2391 742 2461 annis
760 2398 799 2459 vt
816 2386 922 2482 supra
1045 2442 1053 2458 .
1157 2444 1165 2460 .
1269 2392 1328 2485 viij
1348 2391 1410 2464 lin.

226 2723 392 2799 facultas
425 2723 583 2798 eiusdem
615 2723 765 2799 ecclesie
794 2749 865 2818 que
892 2725 938 2797 ad
973 2722 1264 2799 distributionem
1295 2730 1432 2803 domini
1459 2734 1569 2807 nostri

224 2834 373 2932 episcopi
399 2847 438 2910 et
462 2836 516 2909 sui
532 2838 684 2932 capituli
702 2862 776 2907 non
793 2834 883 2909 solet
910 2839 1093 2931 pertinere
1115 2840 1199 2929 quia
1217 2841 1260 2909 ad
1280 2840 1512 2917 residenciem
1532 2851 1568 2917 in

224 2950 327 3020 choro
354 2951 557 3022 faciendam
582 2948 759 3043 capellani
782 2948 940 3021 eiusdem
966 2945 1215 3044 astringuntur
1242 2951 1346 3024 iuxta
1371 2957 1567 3029 eorundem

225 3060 476 3134 fundationes·

224 3282 262 3354 ln
288 3286 414 3377 primis
439 3326 448 3342 ·
471 3284 682 3378 Capellania
699 3280 878 3355 Westhall
900 3306 1007 3376 quam
1034 3284 1144 3357 habet
1168 3284 1336 3382 magister
1355 3289 1566 3365 Willelmus

224 3394 375 3468 Rolland
404 3398 607 3469 extendens
634 3397 681 3468 ad
711 3397 775 3490 xiij
803 3394 865 3467 liu.
889 3396 923 3489 vj
950 3396 983 3465 f.
1009 3396 1069 3489 viij
1097 3392 1133 3467 d.
1160 3400 1221 3491 qui
1248 3400 1345 3471 horis
1372 3406 1565 3475 maioribus

223 3504 383 3581 interesse
400 3508 510 3580 debet
528 3518 566 3579 et
584 3510 629 3579 de
647 3510 855 3580 communia
904 3549 913 3565 ·
966 3549 974 3566 ·
1027 3549 1036 3565 ·
1089 3549 1098 3567 ·
1149 3513 1391 3606 participare·

224 3616 386 3691 Vicarius
403 3617 514 3691 sanci
533 3619 702 3711 Mauricij
720 3617 917 3690 secundum
936 3617 1035 3690 suam
1053 3621 1304 3693 fundationem
1322 3663 1331 3680 ·

222 3730 379 3803 Clericus
399 3731 631 3825 perrochialis
657 3728 817 3801 eiusdem
835 3731 1025 3803 dominicis
1043 3741 1081 3802 et
1099 3728 1198 3804 festis
1215 3730 1434 3826 processione
1454 3740 1564 3809 infcr-

222 3838 285 3915 esfe
302 3843 438 3915 debet·

221 3952 427 4049 capellania
444 3956 489 4025 de
507 3954 660 4027 Galchol
684 3976 792 4046 quam
817 3953 928 4025 habet
945 3950 1114 4047 magister
1129 3952 1154 4025 J
1156 3954 1288 4027 acubus
1307 3955 1483 4053 Lindesay
1500 3985 1563 4031 cx-

221 4067 371 4137 tendens
387 4067 433 4138 ad
452 4068 485 4160 vj
504 4067 566 4137 lin.
585 4067 647 4159 xiij
667 4067 701 4135 il.
719 4067 769 4158 iiij
784 4063 821 4135 d.
842 4064 907 4160 [de
924 4064 1099 4137 facultate
1120 4064 1217 4136 chori
1236 4077 1274 4136 et
1291 4090 1364 4137 non
1382 4067 1511 4142 residet
1530 4072 1559 4165 ·]

221 4174 426 4271 capellania
451 4176 587 4248 Mursic
612 4201 720 4270 quam
749 4176 859 4248 habet
884 4172 1054 4269 magister
1082 4174 1269 4247 Walterus
1300 4178 1404 4251 Skall
1437 4184 1468 4275 vj
1498 4183 1559 4254 lio.

222 4288 275 4380 viij
295 4289 328 4359 ll.
347 4289 399 4382 iiij
417 4286 453 4359 d.
480 4290 586 4360 iuxta
602 4289 853 4359 fundationem
870 4285 1025 4360 relidere
1042 4298 1190 4359 tenetur
1206 4298 1244 4359 et
1262 4312 1334 4361 non
1353 4287 1483 4366 residet
1501 4336 1509 4353 ·

220 4396 427 4494 Capellania
451 4396 610 4495 magistri
626 4400 650 4471 J
653 4400 805 4472 ohannis
829 4398 913 4472 ciat
936 4422 1044 4491 quam
1062 4400 1173 4471 habet
1191 4398 1359 4496 magister
1374 4402 1566 4491 Johanncs,

220 4507 374 4606 (luming
390 4512 592 4583 extendens
609 4513 654 4583 ad
673 4512 719 4604 vij
738 4510 800 4583 lin.
819 4511 853 4604 vj
871 4512 905 4583 il.
924 4512 984 4604 viij
1002 4508 1038 4581 d.
1058 4509 1116 4606 [et
1134 4535 1206 4582 non
1233 4509 1363 4585 residet
1382 4513 1409 4606 ·]
