4050 5534
237 643 314 739 n]
700 642 1107 720 Anuanounusn.
1508 662 1578 727 raa

281 844 401 915 velous
419 854 457 917 et
474 845 545 917 alio
558 846 604 917 de
621 847 724 939 nigro
740 842 871 919 uorsat
886 843 948 917 sex
965 844 1198 921 semicalibus
1215 851 1332 922 tribus
1349 856 1573 951 manitergijs

280 956 417 1029 duobus
433 956 677 1051 corporalibus
695 969 732 1029 et
750 982 773 1030 a
790 958 950 1052 baldkyn
969 960 1016 1031 de
1032 956 1144 1032 serico
1161 963 1334 1036 deaurato
1353 963 1382 1058 ·]

698 1295 907 1368 Iucnuuur
926 1317 1079 1370 roosura
1097 1339 1105 1354 ·

235 1520 276 1590 Iu
295 1522 416 1613 primis
432 1522 558 1593 decem
577 1521 708 1593 calices
725 1521 771 1591 de
789 1529 940 1615 argento
958 1522 1121 1594 deaurati
1136 1532 1174 1594 et
1185 1524 1312 1597 decem
1325 1539 1457 1621 patene
1475 1534 1571 1605 vnde

277 1656 348 1705 vna
371 1642 505 1727 patena
522 1635 558 1704 in
579 1632 683 1706 Rane
708 1642 877 1705 mutuata
902 1656 967 1727 per
987 1632 1197 1729 magistrum
1218 1634 1395 1713 Thomam
1412 1643 1458 1714 de
1475 1641 1570 1739 Tyn-

277 1768 482 1841 nyngame·

231 1856 322 1931 Item
345 1882 416 1931 vua
441 1868 574 1952 patena
597 1858 643 1930 de
666 1880 819 1929 numero
843 1857 986 1931 illarum
1011 1858 1138 1931 decem
1161 1862 1303 1955 perdita
1324 1888 1390 1958 per
1411 1869 1567 1941 eundem

274 1972 563 2043 archidiaconum
591 1973 628 2041 in
659 1970 727 2041 hac
760 1965 942 2043 ecclelia·
970 1971 1252 2044 Memorandum
1278 1978 1371 2067 quod
1399 2001 1493 2051 unus
1522 1985 1568 2055 de

274 2082 483 2178 supradietis
501 2083 671 2155 calicibus
690 2105 774 2154 cum
795 2093 928 2175 patena
945 2106 1011 2177 per
1026 2080 1235 2177 magistrum
1256 2086 1464 2161 Iohannem
1482 2093 1567 2167 Olat

275 2196 484 2292 deperditur
499 2218 563 2289 pro
581 2218 652 2288 quo
671 2191 745 2287 ipse
763 2194 920 2267 contulit
938 2218 1075 2267 nouum
1094 2235 1102 2253 ·

229 2308 319 2379 Item
334 2304 504 2403 magister
516 2305 698 2379 Henricus
712 2307 844 2400 Rynde
858 2304 1100 2379 thesaurarius
1116 2309 1273 2381 contulit
1286 2334 1396 2385 vuum
1415 2315 1565 2390 calicem

273 2432 484 2517 argenteum
503 2422 635 2514 partim
653 2419 866 2491 deauratum
886 2460 894 2477 ·

227 2531 319 2604 Item
339 2556 451 2605 vnum
469 2532 681 2604 cmoifixum
699 2541 913 2628 argenteum
932 2532 1147 2603 deauratum
1164 2556 1247 2605 cum
1265 2558 1396 2631 magno
1413 2541 1506 2632 pede
1524 2583 1532 2598 .

227 2646 319 2717 Item
339 2669 411 2717 vna
428 2668 515 2717 orux
534 2647 571 2716 in
589 2668 660 2737 qua
677 2640 827 2738 estpars
845 2644 934 2739 ligni
953 2644 1124 2717 dominici
1142 2645 1188 2715 de
1204 2658 1355 2742 argento
1373 2689 1382 2709 ·

226 2757 317 2831 Item
352 2782 423 2829 vna
448 2780 538 2829 crux
563 2759 601 2827 in
626 2780 698 2849 qua
727 2753 780 2828 est
805 2780 886 2851 pars
912 2757 1001 2852 ligni
1030 2754 1144 2830 anai
1169 2757 1320 2832 Andree
1344 2762 1391 2835 de
1416 2778 1566 2861 argento

273 2874 447 2944 deaurata
463 2892 510 2941 ex
531 2870 626 2941 dono
644 2870 779 2941 domini
798 2868 956 2941 Gilberti
974 2868 1129 2964 episcopi
1147 2910 1155 2926 ·

225 2984 316 3057 ltem
338 3006 410 3055 vna
426 3005 515 3055 crux
533 3004 615 3055 cum
634 3004 745 3074 paruo
762 2982 854 3073 pede
871 2991 910 3052 et
924 2983 1096 3054 crucifixo
1110 2983 1156 3054 de
1168 2996 1319 3078 argento
1337 2989 1509 3064 deaurato
1527 3004 1566 3065 et

271 3106 428 3190 quatuor
443 3094 670 3188 ymaginibus
688 3088 820 3165 situata
836 3091 943 3187 super
959 3094 1096 3166 curello
1113 3093 1227 3168 fracto
1245 3137 1254 3153 ·

223 3210 315 3281 Item
344 3230 416 3279 vna
437 3230 528 3279 crux
557 3207 603 3279 de
633 3214 783 3300 argento
810 3207 983 3279 deaurata
1008 3230 1092 3279 cum
1118 3209 1234 3280 tribus
1261 3209 1440 3303 lapidibus
1467 3218 1566 3313 ligno

270 3322 455 3415 coopert'·

223 3434 314 3507 Item
342 3456 414 3505 vna
429 3455 518 3505 crux
536 3432 583 3503 de
600 3428 815 3502 aureoaloo·

223 3546 314 3619 Item
334 3545 522 3617 brachium
540 3551 755 3637 argenteum
772 3538 882 3613 sancti
902 3540 1061 3637 Fergufij
1080 3568 1163 3617 oum
1181 3542 1314 3620 ollibus
1332 3551 1512 3625 eiusdem·

222 3659 315 3731 Item
336 3681 409 3729 vna
424 3658 519 3751 pixis
544 3654 591 3726 de
616 3650 771 3727 cristallo
790 3678 873 3727 cum
899 3656 992 3749 pede
1018 3668 1190 3751 argenteo
1219 3684 1303 3731 cum
1335 3662 1482 3737 diuersis
1509 3694 1564 3741 rc-

270 3773 417 3867 liquijs·

222 3886 314 3959 Item
335 3884 372 3955 le
389 3882 497 3975 culpe
513 3903 577 3975 pro
593 3876 811 3953 eucharistia
827 3879 871 3950 de
889 3890 1040 3974 argento
1059 3882 1255 3955 deaurato·

223 3998 316 4069 Item
337 3996 410 4066 due
428 3994 536 4065 thece
552 3994 598 4064 de
608 3990 786 4065 auricalco
802 4014 867 4086 pro
884 3991 1045 4087 reliquiJs
1061 3992 1313 4069 conseruaudis
1323 4022 1475 4091 quarum
1494 4026 1565 4077 vna

271 4110 384 4182 habet
401 4104 465 4177 sex
481 4107 667 4200 ymagines
693 4127 739 4176 ex
762 4114 865 4198 parte
883 4103 1002 4177 clausa
1019 4120 1059 4177 et
1076 4129 1186 4177 vnum
1212 4109 1327 4181 altare
1352 4135 1435 4183 cum
1453 4116 1566 4188 calice

270 4220 378 4313 super
395 4218 509 4290 altare
526 4218 565 4288 in
583 4240 654 4309 qua
666 4218 901 4289 continentur
919 4214 990 4291 olla
1005 4215 1127 4290 sande
1144 4218 1260 4293 Elene
1272 4218 1395 4296 anae
1409 4224 1566 4300 Katrine

271 4332 393 4409 sande
413 4329 624 4425 Margarete
641 4339 680 4401 ct
694 4327 810 4403 Ysaac
827 4329 1030 4424 patriarche
1047 4343 1086 4402 et
1102 4328 1213 4403 sancti
1231 4332 1392 4407 Duthaci
1412 4377 1421 4394 ·
1439 4339 1477 4409 in
1495 4340 1566 4413 alia

271 4444 381 4519 techa
398 4442 569 4515 videlieet
587 4442 633 4513 de
652 4438 876 4514 vestimentis
893 4442 1001 4515 beate
1019 4444 1166 4537 virginis
1192 4444 1313 4517 Marie
1330 4456 1369 4518 et
1394 4449 1441 4520 de
1457 4451 1569 4545 pluri·

271 4562 341 4632 bus
367 4555 450 4650 alijs
477 4554 646 4627 videlicet
664 4550 735 4625 olla
752 4554 852 4627 Petri
871 4564 910 4626 et
929 4554 1032 4627 Pauli
1052 4564 1091 4627 et
1108 4554 1215 4628 beate
1233 4556 1382 4654 Brigide
1400 4564 1446 4632 de
1463 4566 1571 4637 crini-
