4050 5534
460 600 532 670 960
978 589 1284 666 REGISTRUM
1652 595 1796 695 [ascum

460 798 571 892 preda
593 796 703 868 fuerit
728 796 843 866 donee
869 793 1042 866 reddatur
1065 794 1190 864 diuina
1213 793 1406 888 prohibeat
1430 794 1632 869 celebrari·
1651 797 1713 869 Ad
1737 799 1797 869 hec

461 906 640 981 sententia
651 903 888 981 ecclesiastica
897 907 935 977 in
948 904 1195 978 malefsbtores
1207 905 1363 1000 ipsorum
1377 905 1532 979 fratrum
1544 907 1685 1002 perlata
1693 912 1797 980 inter·

462 1023 549 1093 dum
566 1018 640 1093 fine
665 1019 900 1094 satissattione
925 1043 1084 1114 congrua
1100 1017 1285 1092 relaxatur
1300 1019 1398 1091 vnde
1423 1021 1578 1116 contigit
1596 1023 1691 1115 quod
1717 1017 1794 1116 puffi

462 1137 629 1207 iniuriam
647 1131 709 1206 sua
732 1157 807 1204 nou
830 1143 1047 1228 recuperant
1072 1153 1140 1203 nec
1166 1131 1364 1204 inserentes
1390 1130 1592 1204 liberantur
1615 1157 1638 1206 a
1662 1134 1796 1229 culpa.

462 1245 682 1342 presentium
708 1247 808 1317 vobis
828 1247 1043 1318 authoritate
1060 1245 1283 1340 iniungimus
1301 1255 1342 1316 vt
1358 1241 1578 1318 sententiam
1596 1269 1797 1318 excommu-

410 1380 411 1383 ’
463 1361 653 1432 nicationis
670 1359 728 1431 rel
754 1357 936 1430 interditti
961 1367 1109 1452 propter
1136 1358 1208 1429 iam
1234 1356 1348 1430 diibus
1368 1359 1497 1430 fratres
1523 1359 1561 1428 in
1587 1381 1797 1452 quemquam

463 1471 639 1566 perlatam
667 1481 755 1544 ante
782 1468 1054 1543 satiffabtionem
1085 1491 1280 1564 congruam
1308 1493 1381 1542 non
1409 1469 1558 1542 soluatis
1587 1493 1656 1544 uec
1685 1473 1799 1565 aliqua

463 1587 669 1656 temeritate
685 1583 874 1679 patiamini
890 1582 1025 1654 molare
1043 1621 1051 1639 ·
1071 1581 1210 1654 Datum
1229 1581 1401 1656 Laterani
1427 1605 1476 1656 xv
1493 1581 1682 1657 Kalendas
1701 1583 1725 1656 J
1727 1585 1798 1678 unij

463 1697 693 1790 pontificatus
717 1691 829 1767 nostri
845 1717 940 1767 anno
956 1695 1073 1788 primo
1093 1735 1101 1752 ·

413 2105 419 2118 ,
463 2034 549 2107 Alia
565 2034 667 2108 bulla
682 2033 880 2107 eorundem
897 2035 1050 2106 fratrum
1069 2072 1077 2089 ·

462 2232 664 2336 Honorius
689 2259 873 2354 episeopus
897 2253 1021 2329 seruus
1038 2253 1221 2328 seruorum
1249 2256 1319 2330 Dei
1346 2258 1614 2332 venerabilibus
1630 2261 1798 2334 fratribus

460 2370 733 2467 archiepiscopis
750 2377 788 2442 et
805 2366 978 2465 episeopis
1003 2378 1043 2440 et
1068 2367 1210 2441 dilectis
1235 2369 1318 2463 filijs
1344 2369 1534 2444 abbatibus
1559 2375 1737 2467 prioribus
1762 2387 1799 2447 et

460 2489 539 2583 alijs
573 2481 802 2558 ecclesiarum
834 2481 983 2576 prelatis
1017 2481 1061 2554 ad
1090 2503 1179 2575 quos
1208 2481 1391 2576 presentes
1426 2481 1532 2556 litere
1565 2489 1798 2579 pemeuerint

461 2601 613 2674 salutem
624 2593 903 2689 etapostolieam
914 2594 1204 2666 benedittionem
1218 2636 1226 2655 ·
1239 2593 1296 2666 Ex
1308 2606 1412 2688 parte
1423 2594 1638 2670 dilectorum
1648 2599 1798 2672 fratrum

460 2714 594 2785 milicie
611 2710 740 2803 templi
758 2708 828 2779 fuit
848 2701 1069 2800 propositum
1088 2728 1209 2777 coram
1227 2706 1330 2778 nobi·
1356 2707 1453 2799 quod
1470 2731 1554 2780 cum
1571 2706 1637 2804 ipsr
1653 2714 1799 2786 tertiam

461 2839 600 2922 partem
619 2823 780 2895 omnium
798 2820 974 2892 bonorum
992 2815 1137 2889 suorum
1154 2818 1340 2891 hominum
1361 2820 1422 2914 qui
1440 2818 1519 2914 post
1536 2818 1573 2894 se
1590 2823 1799 2919 relinquunt

459 2939 630 3012 heredem
645 2935 740 3007 soliti
758 2931 842 3004 sunt
865 2933 1050 3026 percipere
1076 2953 1118 3002 ac
1143 2930 1377 3004 medietatem
1406 2932 1553 3005 illorum
1580 2937 1642 3028 qui
1668 2936 1799 3031 absque

458 3051 651 3124 heredibus
678 3047 735 3120 vel
767 3045 938 3118 uxoribus
964 3043 1147 3116 decedunt
1174 3054 1213 3114 et
1239 3045 1350 3116 etiam
1375 3044 1540 3118 homines
1566 3043 1629 3142 ipss
1659 3051 1705 3122 ad
1732 3053 1798 3124 hoc

458 3164 529 3235 fide
546 3157 662 3256 posita
673 3167 868 3247 teneantur
879 3194 888 3212 ·
901 3153 1098 3250 presbyteri
1110 3165 1149 3226 et
1162 3155 1283 3229 clerici
1301 3159 1447 3230 tertiam
1467 3171 1606 3251 partem
1624 3166 1799 3255 portionis

459 3301 530 3369 que
547 3274 641 3370 ipsos
657 3275 786 3344 fratres
804 3272 849 3342 de
867 3272 945 3342 iure
962 3271 1142 3364 contingit
1168 3265 1234 3342 srbi
1251 3269 1462 3364 presumunt
1479 3283 1606 3346 contra
1621 3270 1797 3348 iusticiam

460 3389 649 3460 vendicare
674 3385 853 3481 predittos
879 3383 1008 3454 fratres
1035 3379 1100 3453 sub
1124 3404 1167 3454 es
1191 3379 1503 3456 molestationibus
1528 3387 1700 3460 indebitis
1718 3389 1799 3462 sati·

353 3579 356 3583 ?
458 3511 587 3595 gantes
604 3541 612 3558 ·
628 3499 721 3571 Cum
735 3498 847 3591 igitur
859 3493 992 3566 eisdem
1005 3494 1176 3568 fratribus
1189 3495 1250 3586 qni
1268 3491 1454 3588 presertim
1473 3496 1540 3570 hoc
1554 3507 1718 3594 tempore
1734 3524 1798 3596 pro

459 3613 604 3684 seruitio
621 3606 707 3682 Jesu
722 3605 854 3681 christi
872 3617 1061 3700 exponunt
1077 3604 1114 3679 se
1133 3607 1257 3678 multis
1274 3606 1443 3698 periculis
1460 3618 1499 3679 et
1516 3606 1683 3704 expensus
1699 3613 1799 3684 inde-

460 3725 537 3798 bita
566 3724 689 3795 inferri
723 3720 891 3794 nolumus
917 3721 1127 3815 grauamina
1160 3717 1220 3790 sed
1250 3731 1353 3814 grata
1382 3715 1535 3794 subfidia
1569 3720 1795 3796 ministrare·

461 3832 700 3910 Vniuersrtati
718 3829 833 3905 vostre
849 3856 913 3926 per
930 3829 1124 3926 apostolica
1140 3829 1271 3924 scripta
1296 3831 1508 3905 mandamus
1525 3842 1565 3904 et
1581 3837 1798 3928 precipimus

459 3951 630 4044 quatinus
646 3943 869 4042 presbyteros
886 3955 925 4018 et
942 3944 1091 4018 clericos
1114 3941 1315 4016 antedictos
1333 3951 1374 4014 ut
1391 3943 1437 4015 ab
1454 3945 1617 4016 indebita
1633 3944 1799 4020 molesta-

460 4065 560 4134 tione
578 4062 845 4132 nominatorum
863 4058 1015 4129 fratrum
1032 4057 1138 4150 super
1153 4056 1318 4150 portione
1335 4056 1406 4127 iarn
1425 4056 1521 4128 diua
1533 4059 1678 4151 penitus
1695 4056 1797 4132 desis-

461 4185 582 4246 tentes
606 4195 686 4246 esm
712 4172 927 4266 permittant
953 4166 1044 4242 sicut
1069 4169 1222 4241 habetur
1244 4168 1290 4239 de
1315 4168 1513 4261 approbata
1537 4170 1796 4244 consuetudine

459 4287 632 4358 haitenus
665 4280 852 4357 obseruata
884 4278 968 4377 ipsis
1001 4282 1173 4354 fratribus
1205 4279 1354 4375 pacifice
1387 4277 1562 4375 possidere
1595 4285 1795 4358 monitione

460 4395 625 4493 premissa
636 4422 701 4492 per
713 4396 898 4469 censuram
911 4391 1185 4482 ecclesiasticam
1196 4391 1336 4466 sublato
1349 4394 1603 4488 appellationis
1613 4393 1795 4470 obstaculo

461 4510 686 4604 compellatis
699 4508 821 4582 taliter
830 4509 1042 4595 mandatum
1056 4503 1288 4602 apostolicum
1302 4507 1453 4600 implere
1463 4510 1558 4602 quod
1572 4533 1643 4580 non
1658 4507 1794 4604 possitis
