4050 5534
223 653 321 748 m]
687 649 1091 726 nanonouausn.
1492 659 1560 725 113

224 959 445 1075 Sequuntur
477 975 752 1051 constitutiones
795 977 1039 1049 ordinationes
1073 974 1210 1050 statuta
1243 992 1282 1051 et
1315 977 1560 1054 conclusiones

223 1097 321 1168 edite
345 1117 411 1187 per
434 1093 675 1165 reuerendum
700 1094 738 1163 in
764 1085 906 1162 Christo
931 1100 1072 1184 patrem
1100 1089 1329 1163 Willelmum
1350 1092 1561 1188 episcopum

223 1204 509 1281 Abirdonensem
536 1206 581 1276 de
607 1205 790 1277 communi
816 1201 986 1276 consensu
1015 1205 1142 1275 decani
1169 1214 1208 1276 et
1234 1207 1486 1278 canonicorum
1509 1203 1561 1276 sui

224 1319 373 1414 capituli
386 1320 432 1391 ad
447 1319 516 1390 hoc
533 1317 781 1412 capitulariter
792 1323 1091 1410 congregatomm
1109 1326 1147 1387 et
1165 1318 1364 1411 capitulum
1381 1317 1563 1413 represen-

225 1433 378 1504 tantium
397 1441 437 1503 et
454 1431 665 1502 facientium
689 1429 816 1522 preuio
832 1429 950 1499 editto
973 1428 1118 1521 publico
1135 1429 1173 1499 in
1191 1429 1305 1501 velnis
1323 1431 1451 1506 domus
1467 1435 1562 1525 capi·

225 1543 351 1616 tularia
367 1541 482 1638 spatio
499 1542 738 1635 quadraginta
749 1541 889 1611 dierum
903 1549 943 1610 vt
955 1542 993 1610 in
1007 1537 1251 1613 consimilibus
1263 1544 1373 1614 moris
1390 1539 1442 1616 est
1455 1544 1561 1616 affixo
1622 1547 1626 1556 '

226 1657 466 1728 determinato
484 1664 522 1726 et
539 1651 706 1726 concluso
724 1654 783 1724 die
800 1653 940 1723 decimo
958 1653 1086 1746 quinto
1111 1649 1243 1726 mensrs
1269 1653 1363 1726 Maii
1384 1657 1421 1727 in
1439 1656 1562 1751 vigilia

226 1765 476 1862 penthecostes
492 1790 588 1840 anno
602 1766 751 1837 Domini
767 1760 957 1836 millesimo
971 1763 1257 1860 quingentesimo
1271 1766 1560 1862 quadragesimo·

298 1979 451 2054 Summa
466 1979 649 2052 facultatis
666 1973 816 2050 ecclesie
832 1977 1048 2050 cathedralis
1065 1975 1323 2050 Abirdonensrs
1339 1980 1488 2054 inferius

229 2206 412 2300 Inprimis
428 2228 475 2277 ex
493 2200 745 2275 distributione
761 2087 1015 2274 callllllclllm
1089 2255 1097 2272 .
1173 2203 1249 2296 ij⁰ix
1266 2203 1328 2276 lib.
1347 2206 1380 2297 vj
1399 2208 1428 2278 i.
1447 2208 1507 2300 viij
1526 2204 1561 2278 d.

230 2319 322 2392 ltem
339 2343 387 2392 ex
405 2316 600 2411 capellanis
617 2316 776 2387 fundatis
793 2316 831 2385 in
848 2309 999 2386 ecclesa
1090 2313 1249 2408 j‘lxxviij
1267 2315 1328 2388 lib.
1348 2318 1381 2410 vj
1399 2319 1428 2389 ἔ.
1447 2320 1507 2413 viij
1526 2317 1561 2391 d.

472 2428 625 2500 Summa
635 2430 748 2500 totius
760 2425 944 2500 facultatis
957 2422 1105 2498 ecclesie
1119 2428 1300 2536 antedicto

1069 2538 1248 2633 iij⁰lxxxvj
1263 2540 1326 2612 lin.
1341 2542 1404 2634 xiij
1419 2543 1448 2614 ἔ.
1462 2544 1511 2637 iiij
1526 2542 1562 2615 d.

525 2753 698 2846 Sequitur
715 2748 917 2824 distributio
936 2748 1032 2824 dicte
1058 2751 1267 2824 facultatis·

231 2869 273 2941 In
297 2868 422 2966 primia
445 2867 561 2938 tribua
582 2865 777 2960 capellanis
793 2865 859 2935 viz.
879 2861 1034 2958 episcopi
1051 2863 1186 2936 Gauini
1213 2864 1351 2938 Decani
1378 2878 1416 2938 et

276 2978 441 3075 Kynkell
1129 2977 1229 3070 xlviij
1249 2978 1311 3050 lib.
1329 2979 1392 3072 xiij
1411 2981 1440 3051 fi.
1458 2981 1510 3074 iiij
1528 2979 1563 3053 d.

232 3093 325 3167 ltem
343 3093 407 3165 xxi
424 3089 619 3186 capellania
637 3090 787 3161 cuilibet
804 3089 854 3181 xij
874 3089 935 3159 lib.
953 3088 1094 3160 summa
1261 3144 1270 3162 .
1405 3092 1482 3186 ij⁰lij
1501 3093 1616 3164 lib.¹

626 3202 778 3274 Summa
795 3203 846 3296 iijc
859 3201 921 3272 lib.
939 3202 1003 3295 xiij
1022 3204 1051 3275 ἔ.
1070 3204 1121 3298 iiij
1139 3199 1175 3280 d.

645 3377 694 3449 Et
713 3373 760 3450 lic
777 3372 913 3450 restant
930 3375 1070 3471 lxxxvij
1093 3377 1155 3450 lib.

232 3493 287 3568 De
303 3519 376 3589 qua
391 3491 530 3565 summa
545 3494 583 3563 in
602 3490 766 3562 manibus
784 3490 920 3561 domini
934 3487 1126 3562 Wilbelmi
1145 3492 1273 3564 Silwer
1349 3549 1357 3563 .
1434 3496 1483 3588 xij
1502 3494 1564 3566 lib.

233 3607 326 3681 Item
343 3611 382 3679 in
398 3605 563 3677 manibus
581 3599 738 3700 magistri
756 3601 958 3673 Alexandri
977 3599 1203 3676 Stewinsone
1239 3659 1247 3676 .
1350 3659 1358 3678 .
1445 3607 1483 3677 ix
1502 3606 1564 3677 lib.

234 3720 327 3793 ltem
345 3722 391 3792 de
402 3716 622 3790 Weitschaw
634 3718 672 3787 in
683 3716 849 3787 manibus
867 3714 1003 3784 domini
1020 3713 1197 3789 Johannis
1211 3716 1334 3790 Gwrla
1359 3719 1392 3812 vj
1410 3719 1440 3791 ἔ.
1454 3720 1514 3813 viij
1529 3716 1564 3792 d.

625 3828 782 3901 Summa
798 3828 861 3921 xxj
880 3826 942 3897 lib.
961 3828 994 3919 vj
1013 3829 1042 3900 ἓ.
1062 3830 1123 3924 viij
1141 3826 1177 3900 d.

564 4003 614 4076 Et
632 4000 680 4076 src
696 4000 832 4075 restant
849 4002 912 4073 lxv
930 4001 992 4072 lin.
1010 4003 1074 4096 xiij
1092 4006 1121 4076 ἔ.
1139 4005 1189 4098 iiij
1208 4001 1245 4075 d.

236 4120 291 4194 De
317 4144 390 4213 qua
414 4117 553 4190 summa
578 4116 790 4241 soluendum
811 4115 1005 4207 capellanis
1032 4115 1266 4212 infrascriptis
1294 4119 1410 4190 iuxta.
1423 4115 1566 4190 suorum

235 4241 420 4438 lnnpllirrllla
438 4343 582 4414 domino
601 4341 736 4412 Dauidi
752 4339 954 4412 Thomsone
1056 4393 1064 4408 .
1166 4396 1174 4412 .
1275 4395 1283 4414 .
1386 4344 1487 4438 ‚iiij
1508 4343 1568 4416 lib.

236 4458 332 4533 Item
357 4456 542 4550 capellano
569 4449 764 4525 successuro
791 4454 830 4523 in
857 4453 976 4526 locum
1002 4455 1184 4546 quondam
1212 4455 1346 4528 domini

282 4568 462 4641 Johaunis
480 4565 641 4640 Gowane
658 4559 685 4636 fi
702 4565 812 4636 fuerit
829 4566 874 4637 ad
891 4567 960 4637 hoc
977 4567 1205 4659 qualificatus
1277 4623 1285 4640 .
1387 4624 1396 4641 .
1439 4571 1490 4664 iiij
1509 4571 1569 4642 lib.

285 4701 368 4753 vot.
388 4701 430 4751 11.
892 4697 913 4747 a
