4050 5534
306 658 410 754 m]
768 656 1161 732 nasanounusn
1569 663 1641 736 aaa

307 857 418 930 lelmo
435 861 481 930 de
498 859 619 932 Viear'
641 859 825 953 armigeris
842 869 882 931 et
898 857 1022 929 multis
1048 857 1127 952 alijs
1153 857 1291 930 clericis
1309 864 1347 929 et
1364 855 1463 928 lalcis
1489 853 1641 929 testibus

306 971 353 1044 ad
375 967 541 1066 premissa
565 971 700 1066 rogatis
724 978 764 1043 et
782 968 984 1064 specialiter
1012 973 1149 1043 vocatis
1175 1007 1184 1026 ·
1211 968 1261 1042 Et
1286 993 1353 1065 ego
1373 968 1571 1044 Nicholaus
1597 972 1642 1042 de

305 1083 407 1155 Burn
424 1083 576 1156 clericus
592 1079 821 1177 Glasgnensrs
848 1079 1006 1177 dyocesis
1032 1082 1196 1175 publicus
1219 1078 1413 1176 apostolica
1429 1083 1643 1155 auctoritate

306 1198 467 1268 noterius
491 1190 697 1290 premissum
725 1192 999 1288 transsumptum
1027 1196 1167 1289 copinui
1195 1203 1234 1265 et
1259 1189 1458 1287 transcripsi
1488 1195 1579 1266 nihil
1608 1199 1641 1268 ei

305 1309 471 1379 addendo
504 1317 568 1380 aut
601 1308 798 1379 minuendo
831 1308 927 1400 quod
961 1307 1046 1379 fasti
1075 1302 1309 1378 substantiam
1337 1307 1547 1378 immutauit
1579 1318 1644 1381 aut

304 1420 530 1492 intelleilum
544 1421 697 1491 variauit
713 1429 751 1490 et
768 1415 868 1514 signo
884 1441 967 1490 mec
983 1415 1088 1489 solito
1107 1428 1144 1489 et
1162 1415 1332 1489 consueto
1348 1413 1483 1512 signaui
1498 1430 1643 1515 rogatus

305 1538 345 1601 et
362 1527 552 1623 requisitus
569 1531 607 1601 in
623 1531 733 1602 sidem
751 1539 789 1602 et
806 1527 1051 1602 testimonium
1071 1531 1231 1600 omnium
1249 1525 1493 1622 premissorum
1512 1573 1521 1589 ·

306 1855 417 1927 Carta
433 1853 606 1926 Mariorie
623 1863 663 1926 et
680 1854 888 1949 Margarete
905 1854 951 1924 de
964 1852 1219 1925 Straehethine
1233 1852 1277 1924 de
1291 1875 1411 1926 annuo
1423 1857 1542 1929 reditu
1561 1882 1645 1930 ven-

303 1969 383 2039 dito
400 2010 409 2026 ·

306 2163 504 2266 Omnibus
513 2193 606 2264 hano
618 2201 754 2264 cartam
768 2190 894 2262 visuris
908 2191 966 2263 vel
979 2191 1335 2268 auditurisMarioria
1349 2193 1638 2292 [etMargareta]

305 2305 353 2376 de
366 2303 620 2376 Strachethine
638 2303 712 2376 filie
726 2304 907 2397 quondam
921 2302 1115 2376 Michaelis
1133 2306 1178 2378 de
1191 2306 1424 2378 Strachethin
1438 2331 1480 2379 ac
1492 2309 1642 2382 heredes

304 2417 486 2513 legittime
497 2425 535 2488 et
545 2413 1184 2512 propinquioresquondamJohannis
1195 2417 1449 2490 deEdinhame
1460 2418 1644 2515 burgensis

305 2530 352 2600 de
366 2530 538 2601 Aberden
548 2528 720 2601 auunculi
730 2527 842 2602 nostri
853 2527 1006 2599 salutem
1019 2529 1056 2599 in
1068 2528 1248 2602 Domino·
1262 2528 1419 2602 Nouerit
1432 2530 1643 2606 vniuerfitas

302 2638 422 2714 vestra
451 2665 516 2713 nos
542 2664 626 2713 cum
651 2643 809 2713 vuanimi
835 2636 1008 2713 consensu
1034 2651 1072 2712 et
1098 2637 1235 2714 assensu
1262 2637 1381 2714 nostro
1402 2640 1534 2715 dedisse
1559 2669 1644 2717 con-

303 2748 437 2826 cessisse
453 2778 496 2826 ac
513 2753 660 2824 omniuo
688 2748 882 2824 vendidisse
907 2761 946 2822 et
971 2752 1040 2824 hac
1065 2752 1221 2846 presenti
1246 2762 1346 2826 carta
1372 2751 1491 2826 nostra
1517 2757 1645 2828 confir-

302 2861 412 2938 masse
429 2861 621 2937 Willelmo
638 2865 719 2937 Red
738 2867 784 2938 de
796 2865 1014 2936 Badfothale
1027 2874 1146 2936 totum
1165 2865 1269 2937 illum
1288 2888 1447 2937 annuum
1461 2868 1642 2940 redditum
1665 2935 1669 2942 .

303 2979 433 3071 viginti
450 2975 513 3049 sex
529 2975 723 3050 solidorum
741 2987 779 3050 ct
796 2980 877 3049 odo
904 2977 1133 3048 denariorum
1159 2978 1263 3048 nobis
1290 2977 1506 3050 hereditarie
1533 2985 1642 3074 perti-

302 3100 451 3162 nentem
472 3091 517 3162 de
533 3091 596 3162 illn
612 3103 709 3163 terra
725 3091 898 3185 burgagla
914 3113 1023 3183 quam
1049 3097 1152 3160 tenet
1169 3090 1214 3161 ad
1232 3087 1477 3161 seodolirmam
1498 3090 1643 3164 Willel-

302 3225 385 3274 mus
402 3201 598 3293 Blyndseill
617 3202 662 3273 da
678 3201 819 3274 Thema
844 3200 1028 3296 Sprynger
1053 3193 1148 3272 infra
1170 3201 1326 3294 burgum
1344 3202 1388 3272 de
1406 3200 1577 3274 Aberden
1603 3209 1643 3276 in·

302 3317 385 3387 vico
401 3315 582 3387 furcarum
599 3337 645 3386 ex
664 3315 832 3387 orientali
856 3328 961 3408 parte
985 3311 1144 3385 eiusdem
1162 3313 1232 3385 vici
1258 3314 1354 3382 inter
1378 3321 1510 3385 terram
1534 3329 1641 3409 quam

303 3429 351 3499 de
367 3427 471 3498 nobis
487 3435 591 3498 tenet
617 3427 793 3499 Ricardus
818 3425 1105 3499 Inohemethane
1122 3448 1168 3496 ex
1185 3436 1287 3518 parte
1312 3420 1458 3497 australi
1476 3450 1522 3498 ex
1539 3443 1642 3522 parte

304 3561 377 3610 vna
401 3549 441 3610 et
464 3549 595 3610 terram
613 3537 790 3611 iohannis
813 3539 859 3610 de
888 3533 1094 3631 Sprowslon
1120 3559 1166 3608 ex
1190 3545 1294 3629 perte
1319 3536 1444 3607 boriali
1470 3561 1515 3609 ex
1541 3555 1643 3632 parte

302 3651 419 3724 altera
444 3673 508 3744 pro
536 3650 690 3742 quedam
716 3648 856 3721 summa
879 3650 1033 3742 pecunie
1058 3671 1165 3741 quam
1188 3648 1286 3718 idem
1304 3646 1515 3721 Willelmus
1540 3654 1643 3724 nobis

303 3766 343 3833 in
361 3761 481 3833 nostra
492 3756 702 3834 necessitate
719 3761 765 3832 ad
782 3757 937 3832 nostram
952 3757 1248 3832 sustentationem
1268 3759 1428 3852 plenarie
1445 3771 1483 3831 et
1500 3773 1644 3855 gratan-

303 3885 363 3946 ter
378 3876 416 3945 in
432 3874 588 3967 pecunia
603 3881 793 3944 numerata
808 3871 966 3943 fideliter
980 3870 1208 3965 persoluebat
1226 3911 1234 3927 ·
1250 3869 1360 3942 Vnde
1377 3893 1442 3942 nos
1458 3895 1522 3966 pro
1540 3869 1643 3947 uobis

303 3997 345 4059 et
369 3986 561 4058 heredibus
588 3980 772 4056 nostriset
789 3980 918 4054 nostris
943 3979 1125 4077 assignatis
1150 3991 1318 4054 tenemus
1335 3983 1427 4054 bene
1453 3996 1642 4058 contentas

304 4109 344 4171 et
361 4098 497 4169 dietum
515 4095 745 4168 Willelmnm
770 4095 922 4168 heredes
938 4093 1020 4166 suos
1037 4103 1075 4166 et
1093 4091 1173 4166 suos
1191 4090 1382 4189 assignatos
1399 4096 1483 4166 inde
1500 4101 1643 4190 quietos

305 4211 503 4282 clamamus
518 4232 584 4303 per
608 4206 790 4302 presentes
808 4247 817 4264 ·
838 4205 1052 4280 Tenendum
1077 4216 1116 4279 et
1141 4205 1345 4278 habendum
1371 4207 1530 4300 predicto
1548 4210 1644 4281 Wil-
1686 4305 1687 4308 Ἴ

305 4322 415 4394 lelmo
436 4321 628 4394 heredibus
644 4318 716 4391 suis
733 4328 771 4390 et
788 4316 860 4390 suis
884 4315 1066 4415 assignatis
1083 4342 1105 4391 a
1120 4317 1224 4388 nobis
1242 4329 1280 4388 et
1298 4317 1489 4390 heredibus
1515 4318 1644 4394 nostris

306 4444 346 4508 et
371 4430 502 4505 nostris
526 4429 708 4528 assignatis
733 4433 772 4503 in
799 4431 905 4503 feodo
923 4440 962 4502 et
986 4430 1188 4502 hereditate
1215 4451 1304 4523 pure
1321 4445 1360 4500 et
1376 4432 1643 4525 imperpetuum
1723 4438 1728 4448 ’

305 4547 419 4618 libere
446 4547 569 4640 quiete
595 4544 756 4638 plenarie
779 4545 921 4639 integre
947 4552 986 4616 et
1012 4541 1208 4614 honorifice
1235 4541 1327 4612 bene
1345 4543 1438 4613 etin
1457 4565 1544 4636 pace
1570 4544 1645 4619 sine
