4050 5534
251 629 354 725 xrv.]
718 632 1123 708 ABERDONENSE.
1518 647 1591 721 287

248 831 313 903 bar
327 833 545 904 camerarios
561 832 646 904 diui
667 830 872 928 monasterij
891 835 936 907 de
953 835 1163 908 Aberbroth
1180 837 1269 908 mihi
1295 847 1468 910 tenetur·
1488 837 1588 914 Parti

248 962 333 1016 voro
349 943 457 1015 buius
473 944 666 1018 indenture
688 968 801 1039 pones
818 947 953 1019 diuum
981 947 1135 1021 Paulum
1153 947 1248 1020 Crob
1265 953 1467 1023 remanenti
1494 949 1589 1048 figi}-

248 1055 324 1126 inm
340 1077 463 1127 meum
480 1053 534 1128 est
550 1055 746 1151 appensum
764 1067 803 1130 et
820 1060 865 1130 ad
882 1060 1034 1132 alteram
1052 1069 1192 1154 partem
1209 1084 1320 1156 penes
1330 1086 1391 1134 me
1407 1063 1432 1135 J
1434 1089 1587 1138 oannem

248 1166 342 1240 Orab
358 1177 608 1241 remanentem
620 1166 778 1265 tigillum
795 1171 947 1264 predicti
967 1171 1073 1244 Pauli
1091 1170 1144 1244 est
1158 1171 1353 1268 appensum
1364 1217 1373 1234 ·
1385 1175 1481 1248 aas
1494 1178 1587 1251 satta

247 1280 307 1351 die
330 1279 411 1352 loeo
437 1290 475 1353 et
500 1303 596 1352 anno
621 1278 831 1375 supradictis
861 1322 870 1340 ·
899 1282 1081 1358 Produdto
1105 1287 1176 1358 fuit
1199 1288 1238 1357 in
1254 1289 1374 1359 medio
1392 1285 1459 1361 ists
1481 1290 1587 1364 litera

248 1415 366 1465 coram
393 1393 594 1465 reuerendo
620 1395 659 1464 in
688 1392 831 1466 Christo
852 1406 956 1489 patre
984 1407 1025 1468 et
1048 1398 1193 1470 domino
1219 1399 1365 1472 domino
1396 1399 1586 1498 Ingeramo

248 1501 435 1601 Lyndesay
445 1501 611 1600 episcopo
629 1503 903 1580 Aberdonenfi·

295 1841 575 1916 Memorandnm
605 1845 700 1938 quod
728 1842 880 1938 sequens
912 1857 1012 1918 carta
1045 1847 1103 1918 hic
1132 1843 1297 1919 scribitur
1326 1848 1372 1920 ad
1402 1848 1513 1921 finem
1546 1863 1584 1922 ot

294 1953 462 2026 effedum
478 1966 519 2028 vt
535 1953 667 2028 sciatur
683 1959 778 2051 quod
796 1957 842 2028 de
860 1958 984 2030 decern
1009 1959 1139 2030 mareis
1156 1982 1358 2031 annuorum
1374 1962 1583 2034 reddituum

294 2068 333 2138 in
376 2076 476 2139 carta
508 2071 690 2140 contentis
726 2070 908 2142 debentur
939 2067 1103 2165 episcopo
1138 2069 1388 2144 Aberdonenfi
1430 2070 1584 2146 seeundo

296 2180 435 2250 decime
452 2181 622 2253 videlicet
638 2203 710 2253 vno
724 2205 871 2254 marca·

245 2403 356 2477 Carta
385 2400 538 2475 Roberti
565 2406 659 2499 regis
684 2405 822 2478 Jaoobo
852 2403 978 2479 Fraser
1003 2407 1112 2478 militi
1138 2408 1183 2478 de
1216 2407 1426 2500 quibusdam
1456 2412 1584 2482 annuis

244 2516 445 2588 redditibus
462 2512 622 2590 concesse
638 2557 647 2574 ·

243 2718 442 2816 Robertns
472 2739 543 2812 Dei
569 2743 686 2836 gratio
713 2765 778 2814 rex
807 2742 998 2815 Scotorum
1034 2745 1201 2815 omnibus
1231 2745 1349 2838 probis
1379 2745 1584 2817 bominibus

243 2857 358 2927 totins
374 2864 470 2925 terre
487 2851 548 2925 sne
574 2853 712 2927 clericis
730 2863 768 2926 et
784 2853 886 2926 laicis
901 2852 1054 2927 salntem
1082 2897 1090 2913 ·
1110 2856 1242 2928 Sciatis
1259 2879 1324 2928 nos
1341 2853 1474 2930 dediffe
1500 2881 1584 2930 oon-

244 2962 377 3040 oeffiffe
403 2979 443 3037 et
467 2967 535 3038 hac
559 2965 718 3061 presenti
745 2978 845 3039 carta
870 2962 987 3038 nostra
1016 2963 1235 3039 confirmasse
1261 2969 1392 3040 dileuo
1420 2977 1458 3040 et
1485 2969 1583 3042 fideli

243 3076 364 3150 nostro
380 3079 518 3150 Jacobo
535 3075 660 3151 Fraser
677 3079 722 3150 do
740 3079 964 3150 Frendrncht
977 3079 1084 3150 militi
1102 3077 1207 3150 ilium
1224 3103 1385 3152 annuum
1401 3083 1583 3154 redditum

244 3191 370 3262 decem
379 3213 577 3262 marcarum
590 3191 753 3262 debiturn
765 3205 803 3262 et
813 3197 1010 3262 exeuntem
1018 3193 1205 3264 annuatim
1218 3193 1263 3264 de
1274 3195 1379 3264 terris
1389 3193 1434 3265 de
1445 3195 1583 3266 duabus

244 3298 440 3395 CarnuliiJs
453 3325 535 3373 cum
548 3303 781 3396 pertinenciis
798 3303 999 3375 iacentibus
1016 3304 1109 3376 infra
1122 3305 1414 3376 vicecomitatum
1429 3306 1474 3377 de
1488 3305 1587 3380 Banf

245 3423 285 3486 et
302 3413 405 3485 illum
423 3437 584 3486 annuum
597 3414 780 3486 redditum
793 3416 919 3487 decem
935 3437 1137 3487 marearum
1150 3416 1314 3487 debitum
1331 3425 1370 3488 et
1387 3429 1582 3490 exeuntem

244 3527 290 3597 de
307 3527 412 3596 terris
440 3527 485 3596 de
510 3523 696 3620 Oulmesty
712 3550 795 3598 cum
820 3529 1054 3622 pertinencijs
1082 3529 1282 3600 iacentibus
1300 3531 1336 3599 in
1354 3529 1513 3602 dominio
1539 3533 1584 3602 de

244 3636 570 3710 bbendrachtinfra
582 3639 874 3710 vicecomitatum
885 3639 931 3710 de
944 3637 1116 3710 Abreden
1129 3679 1138 3696 ·
1151 3641 1211 3731 qui
1223 3640 1366 3732 quidem
1380 3643 1491 3712 annui
1503 3643 1584 3714 red·

243 3751 342 3822 ditus
357 3753 456 3844 prius
473 3751 621 3822 fuerunt
637 3749 782 3822 Ricardi
795 3749 935 3845 Comyn
952 3750 1079 3822 militis
1093 3751 1308 3824 hereditarie
1324 3775 1371 3824 ex
1390 3753 1583 3826 donatione

243 3861 432 3934 recolende
445 3863 618 3934 memorie
631 3862 809 3955 qnondam
824 3864 960 3934 domini
971 3863 1092 3934 Dauid
1105 3865 1149 3934 de
1160 3863 1277 3957 Bruys
1287 3866 1380 3959 regis
1391 3865 1581 3938 Scotorum

243 3971 391 4045 illustris
407 3970 658 4068 predecefforis
674 3970 786 4044 nostri
802 3985 841 4047 et
858 3998 947 4069 quos
964 3998 1102 4046 annuos
1115 3976 1278 4048 redditus
1295 3979 1392 4048 idem
1407 3977 1582 4050 Ricardns

244 4109 317 4158 non
333 4089 370 4157 ri
388 4097 451 4158 eut
476 4097 578 4158 metu
599 4087 727 4157 duobus
748 4111 816 4158 neo
841 4111 961 4159 errore
988 4085 1105 4180 lapsus
1130 4084 1191 4158 sed
1216 4111 1316 4158 mera
1332 4099 1371 4160 et
1388 4087 1583 4183 spontanea

244 4199 433 4271 voluntate
456 4197 517 4270 sun
541 4199 645 4270 nobis
661 4221 726 4292 per
742 4195 876 4270 iustum
901 4209 940 4270 et
965 4198 1135 4270 baculum
1152 4197 1288 4270 sursum
1305 4200 1462 4271 reddidit
1478 4223 1583 4294 pure-

244 4334 314 4404 que
332 4321 370 4383 et
387 4307 598 4405 fimpliciter
612 4305 807 4406 reiignnnit
823 4335 865 4384 ac
882 4321 1002 4383 totum
1020 4311 1076 4381 ins
1088 4318 1127 4381 et
1141 4309 1318 4382 oiameum
1337 4334 1407 4404 que
1424 4313 1459 4381 in
1479 4311 1583 4384 diuis

244 4425 373 4495 annuis
388 4424 588 4496 redditibus
605 4445 689 4494 cum
705 4424 939 4518 pertinencijs
955 4423 1082 4494 babuit
1103 4422 1160 4492 vel
1177 4423 1310 4495 habere
1330 4425 1450 4516 potuit
1465 4445 1529 4516 pro
1547 4420 1583 4496 se

243 4543 282 4606 at
297 4535 490 4608 heredibus
515 4537 662 4608 omnino
683 4538 806 4629 quieta
830 4536 1055 4610 clamauitin
1072 4543 1289 4630 perpetuum
1307 4577 1315 4596 ·
1333 4535 1523 4608 Tenendos
1545 4547 1584 4610 et
