4050 5534
255 646 356 742 xta]
725 650 1127 726 ABERDONENSE.
1524 663 1594 728 983

251 958 309 1032 De
323 964 451 1146 dtribus
478 965 602 1036 oroftis
631 965 723 1038 infra
748 966 903 1060 burgum
933 966 979 1037 de
1004 965 1177 1038 Aborden
1204 965 1393 1038 Willelmo
1422 967 1468 1038 de
1494 965 1588 1038 Loth

253 1095 320 1146 ven
348 1077 409 1148 itis
427 1115 436 1132 ·
1356 1123 1360 1132 ·

253 1275 446 1371 Vniuersis
466 1301 563 1372 hano
577 1308 714 1372 cartam
730 1299 855 1372 visuris
872 1301 930 1372 vel
957 1301 1133 1372 audituris
1150 1299 1335 1374 Johannes
1353 1302 1398 1374 de
1416 1301 1590 1376 Softelaw

250 1407 433 1505 burgenfis
450 1412 497 1484 de
512 1410 686 1485 Aberdon
705 1425 743 1486 ot
761 1413 892 1487 Emma
909 1414 1063 1485 Browno
1089 1410 1213 1507 sponsa
1239 1411 1397 1486 eiusdem
1424 1423 1588 1487 eternam

248 1525 285 1594 in
298 1523 455 1596 Domino
467 1521 639 1596 salutem·
653 1525 810 1599 Nouerit
824 1521 1034 1598 vniuersrtas
1051 1522 1164 1598 restra
1177 1549 1242 1596 nos
1260 1549 1343 1596 oum
1361 1523 1531 1598 consensu
1550 1538 1588 1599 et

246 1631 381 1709 assensu
393 1635 514 1708 Dauid
527 1635 681 1710 Browne
698 1648 737 1710 et
748 1637 926 1711 Johannis
940 1636 1094 1708 Browne
1112 1636 1264 1710 fratrum
1280 1635 1442 1731 predibie
1458 1637 1587 1708 Emme

246 1759 285 1818 et
297 1747 453 1818 filiorum
465 1750 644 1840 quondam
658 1752 793 1823 domini
806 1750 985 1822 Jobaunis
1000 1748 1155 1820 Browne
1168 1748 1295 1820 militis
1313 1773 1384 1820 non
1400 1751 1434 1820 vi
1448 1753 1587 1821 coaetos

246 1859 330 1930 dolo
348 1883 415 1932 noo
426 1862 551 1933 fraude
567 1862 731 1934 induttos
745 1859 806 1934 sed
823 1886 887 1956 pro
901 1857 1022 1933 nostra
1038 1862 1201 1932 euidenti
1215 1860 1374 1932 utilitate
1391 1869 1590 1933 commotos

246 1967 448 2044 oonoessisse
464 1997 506 2045 ao
527 1971 661 2066 preoise
677 1971 872 2046 vendidisse
897 1995 1039 2045 necnon
1066 1975 1214 2044 omnino
1229 1983 1268 2043 et
1284 1975 1551 2066 imperpetuum
1569 1998 1591 2044 a

245 2084 349 2155 nobis
365 2096 405 2156 et
421 2085 614 2157 heredibus
637 2083 766 2158 nostris
792 2098 831 2158 et
855 2083 984 2156 nostris
1010 2080 1194 2177 assignatis
1211 2085 1335 2178 quieta
1360 2081 1524 2158 clamasse
1551 2097 1589 2157 et

245 2197 313 2268 hae
337 2195 493 2290 presenti
519 2209 619 2270 oarta
642 2189 762 2270 nostra
786 2195 1007 2270 confirmasse
1027 2195 1219 2268 Willelmo
1238 2198 1283 2268 de
1301 2196 1397 2268 Loth
1423 2196 1588 2292 burgonii

245 2309 292 2380 de
308 2308 483 2381 Aberden
499 2311 570 2381 tria
586 2311 701 2382 orosto
717 2321 756 2382 et
773 2312 863 2383 duos
888 2310 1050 2380 redditus
1075 2309 1248 2381 annuales
1270 2310 1362 2380 infra
1379 2309 1534 2404 burgum
1552 2320 1589 2382 et

243 2420 450 2493 libertatem
475 2423 580 2517 burgi
598 2423 643 2494 de
660 2422 835 2495 Aberden
860 2425 1021 2495 iacentes
1039 2460 1047 2477 ·
1067 2420 1297 2515 Quoquidem
1324 2421 1439 2492 orofta
1456 2431 1495 2492 et
1511 2423 1592 2493 red-

244 2534 343 2605 ditus
359 2534 532 2606 annuales
548 2557 596 2606 ex
613 2531 732 2606 nostro
753 2559 853 2607 mero
870 2529 1067 2628 conquestu
1084 2532 1240 2606 aDauid
1259 2532 1413 2604 Browue
1430 2533 1589 2626 prediiao

243 2647 513 2738 procurauimus
530 2669 684 2740 quorum
699 2671 810 2718 vnum
829 2649 874 2720 da
889 2649 991 2719 dietis
1008 2647 1131 2718 oroftis
1149 2649 1243 2717 iacet
1258 2646 1351 2716 infra
1369 2647 1588 2716 territorium

242 2757 440 2828 erostorum
457 2760 502 2831 ad
520 2758 632 2832 finem
650 2761 720 2831 rici
745 2760 925 2832 furcarum
950 2761 1047 2830 inter
1072 2768 1205 2830 terram
1224 2758 1404 2850 quondam
1423 2756 1588 2830 Dunoani

242 2868 306 2960 lilij
325 2868 478 2941 Galfridi
496 2868 620 2942 versus
645 2872 812 2943 oooidens
829 2895 876 2942 ex
893 2881 996 2964 parte
1014 2893 1084 2941 vna
1101 2881 1140 2940 et
1157 2871 1252 2941 viam
1277 2871 1411 2964 regiam
1429 2893 1501 2961 qua
1517 2873 1590 2940 itur

241 2980 404 3074 aburgo
433 2982 479 3052 de
505 2980 679 3054 Aberden
704 2980 825 3054 versus
854 2984 979 3054 domos
1007 2978 1224 3074 leprosorum
1251 2977 1371 3052 versus
1398 2982 1516 3052 oriens
1543 3003 1590 3052 ex

241 3091 362 3164 altera
379 3133 388 3150 ·
406 3093 504 3166 aliud
518 3094 673 3166 crustum
690 3096 785 3166 iaoet
800 3097 897 3167 inter
910 3096 1005 3166 riam
1021 3116 1092 3186 qua
1108 3095 1182 3164 itur
1195 3117 1217 3166 a
1229 3093 1394 3164 domibus
1412 3093 1588 3164 distorum

241 3202 461 3298 leprosorum
486 3203 607 3276 versus
633 3205 668 3277 le
694 3203 873 3277 Stok’otis
907 3205 1029 3277 versus
1059 3201 1219 3276 austrum
1245 3227 1292 3276 ex
1322 3214 1425 3298 parte
1451 3228 1521 3276 vna
1550 3218 1588 3275 et

242 3327 406 3393 montem
418 3318 482 3409 qui
493 3318 626 3390 dieitur
636 3318 672 3388 le
685 3316 918 3414 Spytelhylle
930 3315 1051 3388 versus
1068 3316 1214 3390 boream
1227 3341 1273 3390 ox
1287 3315 1402 3388 altera
1415 3356 1423 3374 ·
1437 3318 1586 3386 tertium

241 3451 328 3500 vero
345 3429 501 3501 eroftum
522 3430 617 3501 iacet
641 3430 736 3501 inira
759 3431 988 3502 territorium
1013 3430 1209 3500 oroftorum
1227 3430 1272 3500 de
1290 3428 1387 3522 Futy
1402 3429 1498 3499 inter
1516 3439 1588 3500 ter-

240 3563 320 3612 ram
337 3539 527 3634 Laurenoij
550 3541 614 3634 iilij
637 3541 761 3614 Dauid
778 3539 903 3614 vorsus
930 3541 1075 3616 boream
1102 3565 1147 3614 ex
1176 3553 1278 3636 parte
1296 3565 1366 3612 vna
1391 3551 1430 3612 ot
1455 3548 1587 3612 terram

240 3653 412 3725 Dunoani
429 3653 623 3748 Margreue
640 3653 760 3726 versus
776 3650 943 3726 austrum
960 3677 1006 3725 ex
1025 3654 1138 3726 altera
1155 3691 1163 3708 ·
1181 3663 1220 3726 et
1238 3675 1329 3724 vnus
1352 3675 1493 3724 annuus
1510 3654 1589 3724 red-

240 3765 365 3837 dituus
381 3762 443 3836 sex
460 3763 652 3838 solidorum
669 3777 708 3837 st
725 3769 805 3838 otto
836 3766 1064 3838 denariorum
1082 3762 1334 3860 sterlingorum
1351 3765 1445 3835 iacet
1467 3765 1504 3833 in
1527 3761 1589 3836 illa

240 3888 341 3948 terra
356 3900 439 3948 oum
455 3879 686 3970 pertinentiis
703 3901 811 3970 quam
829 3885 935 3948 tenet
952 3876 1173 3949 Laurenoius
1192 3876 1287 3948 iilius
1304 3874 1426 3947 Dauid
1446 3876 1587 3946 iacente

239 3991 278 4060 in
297 3989 376 4059 rioo
394 3988 439 4060 de
456 3988 553 4082 Futy
569 3991 667 4060 inter
684 3998 819 4062 terram
844 3989 994 4081 preditti
1023 3988 1213 4081 Laurenoij
1232 3985 1352 4059 versus
1364 4051 1367 4058 .
1378 3987 1522 4058 boream
1541 4011 1585 4058 ex

240 4110 345 4194 purte
361 4122 432 4172 vna
448 4109 488 4172 et
504 4113 638 4172 terram
656 4098 824 4172 Duncani
850 4099 1045 4194 Margroue
1063 4097 1181 4172 versus
1206 4096 1367 4173 austrum
1384 4123 1430 4170 ex
1447 4098 1560 4172 altera
1578 4141 1586 4156 ·

240 4211 334 4283 alius
347 4233 431 4283 vero
451 4236 591 4285 annuus
608 4212 773 4284 redditus
790 4222 943 4305 quatuor
959 4209 1152 4284 solidorum
1170 4211 1421 4306 sterlingorum
1437 4213 1532 4283 iaoet
1549 4214 1586 4283 in

241 4324 303 4396 illa
315 4335 413 4396 terra
424 4348 507 4397 oum
522 4326 758 4419 pertinentiis
775 4348 883 4418 quam
899 4333 1004 4396 tenet
1017 4324 1138 4396 Adam
1153 4326 1197 4395 de
1211 4319 1374 4395 Ledhuss
1392 4324 1532 4394 iacente
1549 4326 1586 4396 in

241 4439 321 4507 rioo
339 4436 384 4508 da
401 4437 498 4530 Futy
515 4439 612 4509 inter
633 4446 767 4509 terram
789 4436 934 4508 abbatis
957 4436 1003 4507 de
1021 4434 1196 4508 Londoris
1212 4431 1333 4508 versus
1358 4429 1516 4506 austrum
1543 4459 1587 4506 ex

242 4559 344 4640 parte
364 4571 436 4622 vna
462 4559 501 4621 et
526 4561 660 4622 terram
688 4548 837 4643 prodisti
862 4546 946 4619 Ade
973 4545 1093 4620 versus
1118 4548 1263 4620 boream
1292 4569 1338 4618 ax
1361 4545 1475 4618 altera
1495 4585 1503 4601 ·
1525 4570 1588 4640 pro
