4050 5534
451 645 496 708 40
970 633 1276 709 REGIS'l’RUM
1645 637 1797 732 [sucum

207 845 430 914 urnnuwnuu
452 835 570 907 benda
593 835 744 906 canonic
764 832 1090 905 Archidiaconatus
1116 829 1313 930 affiguntur
1338 830 1489 906 cccleiin
1513 837 1560 908 dc
1585 834 1689 908 Rone
1714 859 1798 908 cum

211 1174 376 1244 &pinnini

210 1401 352 1472 §officina

209 1629 377 1698 §acribiam

213 2073 326 2140 ouant

452 947 619 1017 omuibus
644 944 822 1018 fruciibus
845 945 1127 1017 obuentionibus
1144 955 1183 1017 et
1206 947 1337 1018 ceteris
1362 947 1408 1018 ad
1433 947 1586 1018 candem
1611 945 1800 1040 spatianti-

452 1059 520 1128 bus
538 1097 546 1114 ·
566 1057 681 1130 Sexto
704 1056 888 1149 prebenda
903 1059 1055 1128 canonic
1072 1053 1268 1151 affiguntur
1284 1054 1435 1128 ecclesn
1450 1059 1549 1130 beati
1567 1058 1737 1130 Nicholai
1754 1059 1800 1128 de

454 1170 628 1241 Aberden
646 1190 730 1240 cum
747 1168 914 1239 omnibus
928 1168 1103 1240 fruEibus
1120 1169 1402 1240 obuentionibus
1414 1179 1453 1240 et
1469 1170 1601 1241 ceteris
1617 1171 1801 1262 pertinen-

454 1282 518 1375 cijs
535 1282 579 1352 cd
598 1281 751 1351 eundem
768 1277 1012 1372 spectantibus
1030 1318 1039 1336 ·
1056 1279 1222 1372 Septima
1237 1280 1422 1372 prebenda
1438 1283 1589 1352 cuuouie
1605 1277 1800 1375 affiguntur

455 1392 578 1464 totalis
604 1387 754 1463 ccclesia
770 1391 816 1462 de
834 1390 1013 1483 Baiheluy
1030 1413 1114 1462 cum
1134 1391 1302 1462 omnibus
1319 1392 1495 1463 fructibus
1520 1393 1800 1463 obuentionibus

456 1517 493 1576 ct
517 1506 647 1576 ceteris
672 1503 906 1596 pertinencijs
924 1497 968 1574 ad
987 1503 1139 1574 candem
1166 1500 1435 1595 spectantibus·
1454 1502 1594 1576 Ostnua
1617 1505 1801 1597 prebenda

457 1617 607 1687 canonic
637 1609 832 1706 affiguntur
861 1613 985 1685 totalis
1016 1610 1240 1685 ecclesiane
1271 1611 1482 1686 Morthloch
1514 1637 1598 1686 cum
1633 1616 1800 1685 omnibus

457 1727 631 1798 fructibus
645 1725 926 1796 obuentionibus
940 1735 978 1796 et
991 1727 1122 1796 ceteris
1138 1726 1374 1818 pertinencijs
1386 1727 1432 1797 cd
1446 1727 1599 1797 eandem
1612 1725 1802 1820 spectanti.

458 1839 524 1910 bus
536 1877 544 1894 ·
557 1837 720 1929 exceptis
730 1833 942 1927 quibusdam
956 1837 1062 1908 terris
1072 1859 1161 1930 quus
1173 1836 1341 1906 dominus
1351 1834 1564 1908 Alexander
1574 1835 1801 1909 Senescuilus

458 1949 585 2022 Scocie
602 1949 723 2020 tenuit
741 1947 786 2018 do
803 1947 907 2018 nobis
921 1987 929 2006 ·
945 1947 1057 2019 Nona
1073 1948 1257 2041 prebenda
1272 1949 1424 2018 canonie
1441 1944 1635 2044 affiguntur
1652 1945 1801 2020 ecclefia

457 2061 503 2133 dc
521 2059 638 2154 Owyn
664 2082 747 2131 cum
773 2059 940 2130 omnibus
966 2060 1141 2131 meibus
1166 2058 1447 2130 obuentionibus
1472 2070 1511 2130 et
1536 2061 1667 2131 ceteris
1694 2061 1803 2152 pcrti-

459 2173 596 2266 ncncijs
613 2172 659 2243 ud
676 2171 828 2242 eundem
851 2168 1096 2264 speuantibus
1112 2208 1121 2226 ·
1140 2169 1293 2241 Decima
1317 2171 1501 2262 prebenda
1524 2173 1676 2242 canonic
1700 2166 1802 2265 affig-

212 2299 445 2356 {autumnum
460 2296 567 2358 natur
596 2283 720 2355 totalis
750 2279 901 2354 ecclefio
930 2283 976 2354 de
1007 2281 1286 2352 quercrwdauo
1314 2304 1399 2352 cum
1428 2283 1596 2353 omnibus
1624 2281 1801 2354 fruciibus

214 2516 296 2575 cun

214 2851 336 2986 {tino

213 3089 311 3156 murt

459 2395 740 2469 obueutionibus
770 2403 808 2465 et
839 2397 969 2465 ceteris
1003 2394 1237 2488 pertinencijs
1265 2392 1311 2462 ad
1341 2394 1492 2464 candem
1527 2391 1800 2485 spectantibus·

460 2509 665 2582 Vndccimc
680 2505 864 2598 prebendo
881 2507 1032 2577 canonio
1049 2499 1244 2597 affiguntur
1261 2500 1412 2576 ecclefio
1427 2503 1570 2576 declat
1587 2528 1671 2575 cum
1687 2508 1802 2576 omui-

460 2621 528 2689 bus
560 2617 735 2688 frufflbus
769 2615 1050 2688 obuentionibus
1080 2625 1119 2686 et
1147 2617 1278 2686 ceteris
1311 2616 1545 2707 pertinencijs
1573 2616 1620 2686 ad
1649 2617 1801 2687 eundem

459 2727 704 2822 spectantibus
722 2767 730 2784 ·
750 2725 977 2798 Duodecimn
1002 2727 1186 2820 prebenda
1210 2729 1361 2798 canonio
1381 2721 1576 2822 affiguntur
1591 2723 1740 2799 ecclesia
1756 2728 1802 2798 dc

461 2840 651 2932 Banchory
669 2837 851 2929 Deuouyk
868 2860 950 2909 cum
969 2839 1136 2908 omnibus
1156 2837 1330 2909 fructibus
1354 2838 1634 2910 obuentionibus
1651 2849 1691 2910 et
1706 2849 1804 2912 cete·

461 2954 508 3022 ris
533 2951 768 3043 pertinencijs
784 2949 830 3019 ad
848 2949 1001 3020 eandem
1028 2945 1272 3041 speEontibus
1289 2987 1297 3004 ·
1314 2948 1438 3021 Tertio
1456 2951 1597 3022 decima
1620 2950 1804 3043 prebenda

461 3065 612 3136 canonic
629 3058 853 3156 ussignantur
867 3063 995 3155 viginti
1013 3083 1134 3132 marco
1147 3083 1267 3132 annue
1281 3061 1326 3132 de
1339 3057 1549 3133 ecclesiane
1562 3060 1682 3134 Deere
1694 3074 1802 3156 prout

462 3175 604 3266 plenius
628 3175 838 3244 continetur
861 3174 899 3243 in
923 3174 1077 3265 quodam
1104 3168 1361 3264 compositione
1383 3173 1479 3243 iuter
1496 3169 1710 3265 Episcopum
1730 3172 1803 3245 De-

462 3307 592 3355 cunum
611 3292 649 3354 et
667 3284 866 3376 capitulum
886 3284 931 3353 de
949 3282 1124 3356 Aberden
1142 3295 1181 3354 ct
1196 3283 1381 3353 Abbutem
1400 3283 1446 3355 do
1464 3282 1583 3356 Deere
1607 3283 1712 3377 super
1736 3286 1803 3356 hoc

462 3395 652 3466 confecia·

640 3615 739 3688 Ordo
757 3611 981 3688 mansionum
1000 3613 1144 3688 claustri
1162 3612 1432 3689 Aberdoncnfis
1448 3615 1598 3689 cccleiie
1616 3657 1624 3676 ·

460 3841 588 3913 Preter
601 3841 667 3911 hec
681 3847 804 3910 autem
819 3839 1061 3910 communiter
1074 3837 1251 3912 statutum
1261 3836 1314 3912 est
1327 3850 1365 3912 et
1377 3840 1424 3912 nb
1437 3841 1605 3912 omnibus
1617 3851 1807 3935 receptum

458 3963 497 4024 et
514 3951 753 4046 approbatum
770 3951 867 4041 quod
885 3951 1040 4042 quilibet
1065 3953 1259 4022 cononicus
1283 3951 1415 4022 habeut
1440 3953 1575 4023 toftum
1592 3963 1631 4024 et
1649 3955 1806 4025 croftum

458 4075 495 4136 ot
513 4059 663 4134 honesta
680 4061 821 4133 edificio
846 4063 939 4134 infra
965 4072 1071 4156 cepta
1093 4059 1240 4134 claustri
1256 4099 1266 4117 ·
1283 4061 1406 4133 Primo
1426 4065 1672 4157 incipiendum
1689 4061 1741 4136 est
1759 4068 1808 4137 ab

458 4173 634 4268 Episcopo
654 4183 692 4244 vt
710 4171 784 4265 ipse
801 4173 935 4244 habent
953 4173 1096 4246 edificia
1111 4173 1175 4245 sua
1191 4174 1308 4267 primo
1325 4173 1405 4245 loco
1419 4214 1427 4231 ·
1444 4173 1613 4246 Secundo
1631 4175 1711 4247 loco
1727 4175 1811 4270 post

458 4281 675 4378 Episcopum
692 4281 938 4356 concellarius
955 4287 1191 4378 propinquius
1240 4285 1364 4357 Tertio
1387 4285 1468 4358 loco
1485 4285 1623 4358 Cantor
1640 4327 1648 4343 ·
1667 4288 1811 4372 Quarto

458 4395 626 4466 Decauus
641 4433 649 4454 ·
664 4394 803 4479 Quinto
817 4395 1071 4468 Thesaurarius
1087 4437 1095 4454 ·
1110 4396 1227 4468 Sexto
1245 4399 1428 4492 prebendo
1441 4400 1487 4470 do
1500 4397 1681 4493 Balhcluy
1694 4441 1702 4456 ·
1717 4399 1814 4494 Sep-

457 4509 547 4578 timo
561 4507 743 4600 prebenda
757 4507 801 4578 dc
816 4505 936 4579 Deere
948 4548 955 4565 ·
968 4506 1110 4580 OEauo
1124 4509 1308 4602 prebenda
1320 4509 1366 4582 de
1377 4508 1654 4582 Inuercrwdune
1669 4551 1677 4567 ·
1694 4510 1811 4583 Nono
