4050 5534
236 638 318 733 xa]
703 636 1108 713 sasauoususu
1506 648 1575 717 165

235 837 329 911 Itum
347 842 386 911 in
403 836 558 913 seeundo
575 838 611 911 le
629 837 720 911 vahs
736 840 775 911 in
791 838 911 911 medio
934 838 1155 936 analmuling
1179 850 1218 911 at
1234 839 1269 933 vj
1287 840 1390 912 midil
1413 847 1573 937 gamatis

280 952 369 1046 et‘vj
387 950 511 1046 perilis
528 961 566 1023 et
583 952 621 1023 iu
639 972 766 1045 eampo
782 948 942 1025 eiusdem
958 951 975 1043 j
994 948 1066 1021 litil
1090 958 1218 1047 gamat
1235 960 1274 1022 et
1290 948 1416 1024 subtus
1438 954 1475 1026 le
1490 967 1572 1051 gret

282 1063 372 1137 vahs
389 1065 413 1157 ij
432 1063 503 1135 litii
519 1064 680 1159 gamatis
697 1102 705 1119 ·

235 1173 329 1246 Item
346 1200 369 1249 a
384 1174 471 1249 litill
488 1175 578 1249 vche
595 1176 634 1247 in
651 1175 770 1246 madio
787 1197 810 1245 a
826 1172 928 1245 midil
944 1170 1064 1267 saphir
1079 1185 1118 1246 at
1133 1175 1171 1268 iij
1188 1175 1292 1247 midil
1308 1180 1467 1272 gamatis
1484 1218 1492 1233 ·

234 1284 329 1357 Item
345 1289 384 1359 in
401 1298 504 1381 parta
531 1285 743 1382 triangulari
767 1282 914 1358 senistra
939 1288 1052 1379 partis
1076 1284 1236 1359 eiusdem
1260 1286 1384 1361 lateris
1401 1299 1459 1361 tut
1472 1292 1572 1365 vohis

281 1408 338 1469 tut
354 1398 491 1496 lapides
507 1410 547 1471 at
563 1407 621 1471 tot
637 1396 761 1493 parilis
776 1399 828 1492 iiij
846 1396 969 1492 parllis
985 1398 1149 1493 exceptis
1165 1399 1204 1470 in
1221 1397 1257 1470 le
1272 1408 1355 1495 gret
1372 1402 1487 1475 ruha,

235 1507 329 1583 Item
346 1512 383 1582 in
410 1512 529 1585 fronte
546 1508 705 1583 eiusdem
732 1510 856 1584 lateris
873 1533 895 1578 v
913 1508 1013 1582 vohis
1030 1511 1187 1603 primum
1210 1511 1413 1587 inchoando
1430 1539 1452 1587 a
1469 1528 1572 1610 parte

283 1623 411 1695 dextra
427 1625 451 1717 ij
470 1622 556 1695 litill
572 1624 732 1719 gamatis
749 1629 788 1693 st
804 1623 843 1692 iu
859 1620 979 1693 madio
1002 1623 1107 1715 primi
1135 1620 1170 1693 la
1186 1622 1278 1695 ruha
1290 1625 1498 1724 anameling
1520 1632 1570 1724 iiij

283 1734 383 1807 midil
393 1738 552 1831 gamatis
566 1745 606 1807 at
615 1735 666 1829 iiij
680 1734 784 1806 midil
794 1730 943 1827 saphiris
956 1732 1088 1805 deinde
1098 1734 1136 1804 in
1146 1731 1254 1828 plano
1264 1734 1289 1827 ij
1301 1734 1374 1808 litil
1389 1743 1548 1833 grauatis
1562 1784 1571 1799 ·

232 1844 328 1917 Item
345 1844 555 1921 insecundo
573 1846 608 1919 la
623 1847 713 1919 vuha
730 1870 752 1919 a
767 1853 848 1942 gret
864 1841 982 1939 saphir
998 1845 1050 1938 iiij
1067 1845 1170 1916 midil
1186 1850 1346 1941 parastis
1362 1850 1387 1941 ij
1405 1850 1476 1923 litil
1493 1878 1573 1947 gur-

281 1961 375 2031 natis
392 1970 431 2031 et
447 1962 472 2054 ij
491 1958 562 2033 litil
579 1956 729 2052 saphiris
747 1969 786 2030 at
803 1958 841 2028 in
857 1956 965 2051 plano
976 1958 994 2050 j
1011 1956 1084 2027 litii
1100 1967 1229 2052 gamat
1246 2000 1254 2015 ·

233 2069 327 2143 Item
355 2073 392 2143 iu
418 2064 533 2145 tartiu'
546 2071 581 2143 la
600 2071 690 2143 sabe
707 2093 730 2141 a
745 2076 826 2166 grat
850 2076 978 2165 garriat
1003 2069 1054 2162 iiij
1071 2069 1174 2141 midil
1190 2074 1350 2165 gamatis
1367 2086 1406 2147 at
1423 2078 1474 2170 iiij
1500 2078 1572 2150 litii

282 2181 428 2277 saphiris
446 2194 485 2257 et
501 2185 540 2255 in
557 2183 665 2277 plano
682 2206 705 2255 a
721 2181 806 2253 litill
822 2191 951 2276 gamat
968 2219 976 2236 ·
1641 2208 1644 2213 ·

234 2294 327 2367 Item
340 2298 377 2367 iu
390 2306 520 2390 quarto
531 2295 567 2368 le
585 2295 674 2368 vuhe
691 2318 714 2366 a
728 2302 810 2390 gret
822 2290 962 2387 saphira
975 2294 1026 2388 iiij
1038 2293 1140 2367 midil
1153 2299 1312 2391 gamatis
1324 2322 1347 2370 a
1358 2297 1430 2373 litii
1442 2316 1571 2397 garnat

282 2419 320 2480 et
336 2410 372 2503 iij
391 2408 462 2481 litii
479 2406 627 2502 saphiris
644 2410 682 2479 in
700 2406 808 2501 plano
826 2406 850 2499 ij
869 2404 941 2477 litil
956 2408 1138 2501 garnatisf
1341 2490 1344 2496 ,

233 2519 328 2592 Item
352 2524 391 2593 in
417 2522 537 2594 medio
561 2522 678 2614 quinti
707 2520 798 2592 vohs
824 2518 1022 2613 uuamiling
1039 2530 1078 2591 at
1094 2521 1145 2613 iiij
1169 2521 1272 2593 midil
1288 2530 1449 2619 gamatis
1465 2539 1505 2601 et
1520 2554 1571 2622 ιιι]

282 2631 351 2704 iitil
363 2630 513 2727 saphiris
523 2633 562 2703 in
573 2632 680 2727 plano
703 2632 728 2725 ij
748 2631 818 2703 litil
835 2633 996 2728 gamatis
1013 2672 1022 2689 ·
1038 2632 1170 2707 deinde
1188 2635 1225 2704 in
1242 2637 1537 2715 circumforaneis
1552 2668 1574 2713 a

281 2756 383 2839 parte
411 2740 491 2839 post
513 2742 672 2817 eiusdem
698 2743 821 2817 lateris
838 2744 914 2837 xiiij
943 2743 1016 2816 litil
1042 2747 1201 2839 gamatis
1227 2757 1266 2818 et
1287 2750 1438 2822 amidil·
1445 2766 1573 2848 garriat

282 2868 320 2930 et
336 2881 387 2929 xv
403 2856 490 2929 litill
513 2854 663 2950 saphiris
681 2896 690 2913 ·

234 2969 329 3042 Item
346 2970 386 3041 in
402 2968 535 3064 angulo
553 2969 682 3040 dextro
696 2966 855 3041 eiusdem
873 2968 997 3041 lateris
1014 3008 1023 3025 ·
1042 2971 1090 3064 vij
1108 2968 1181 3041 litii
1202 2976 1363 3066 gamatis
1380 2986 1419 3047 et
1437 2980 1471 3071 vj
1489 2977 1574 3051 iitili

282 3082 431 3176 saphiris
449 3123 457 3138 ·

234 3193 331 3265 Item
347 3196 386 3265 iu
404 3193 537 3288 angulo
556 3187 704 3264 sanistro
722 3190 879 3265 eiusdem
893 3192 1017 3265 lateris
1034 3234 1042 3249 ·
1062 3195 1110 3288 vij
1125 3193 1210 3266 litill
1219 3202 1379 3292 gamatis
1392 3212 1431 3273 et
1444 3203 1478 3295 vj
1490 3204 1574 3276 litill

283 3305 431 3400 saphiris
448 3346 457 3362 ·

233 3416 332 3489 Item
350 3420 390 3489 in
406 3417 442 3489 le
459 3417 524 3489 tak
542 3417 581 3489 in
598 3425 701 3510 parte
718 3416 848 3489 dextra
863 3416 911 3509 vij
931 3417 1086 3489 vobisut
1103 3418 1139 3491 le
1155 3422 1316 3513 pendaue
1333 3463 1341 3481 ·

234 3529 330 3603 Itam
346 3532 385 3603 iu
402 3530 519 3624 primo
545 3527 581 3600 la
609 3528 700 3603 veho
725 3550 838 3622 prope
861 3529 1005 3601 mitram
1031 3532 1070 3601 in
1100 3534 1219 3626 eapite
1235 3558 1258 3607 a
1273 3548 1355 3631 grat
1377 3544 1576 3640 anamiling

282 3656 321 3715 et
337 3644 390 3737 iiij
408 3640 512 3713 midil
527 3641 687 3737 parisatis
705 3682 714 3698 ·
729 3650 768 3712 et
784 3637 911 3713 subtus
926 3640 995 3713 hoc
1012 3642 1060 3735 ·ij
1078 3643 1150 3715 iitil
1167 3650 1364 3741 garnattis·

235 3754 330 3828 Item
345 3758 383 3827 in
397 3750 552 3825 secundo
564 3748 656 3825 ruha
666 3754 705 3824 in
723 3753 842 3825 medio
853 3777 876 3826 a
887 3762 969 3848 grat
985 3765 1114 3849 gamat
1131 3765 1171 3827 et
1187 3759 1222 3851 vj
1239 3760 1356 3835 midill
1372 3771 1548 3858 garnattis
1565 3812 1574 3827 ·

283 3880 322 3941 at
337 3865 550 3941 subtus'hoa
567 3866 591 3959 ij
610 3864 682 3938 litil
698 3866 883 3961 garnatis·

235 3980 330 4053 Item
347 3982 386 4051 iu
403 3980 513 4051 tertio
530 3978 566 4051 le
583 3979 675 4051 vcha
691 3981 731 4051 in
746 3978 867 4051 madio
884 3980 1083 4075 anamiling
1098 3992 1138 4055 et
1154 3982 1189 4075 vj
1207 3985 1311 4057 midil
1333 3990 1493 4082 gamatis
1510 4035 1518 4052 ·
1538 4006 1577 4066 et

283 4090 410 4165 subtus
425 4092 495 4163 hou
513 4092 536 4183 ij
555 4089 628 4161 litil
647 4093 809 4187 gamatis
826 4130 834 4148 ·

235 4204 331 4281 Item
349 4207 388 4277 in
404 4214 533 4297 quarto
551 4202 585 4275 le
603 4204 694 4275 ruha
711 4205 749 4274 iu
766 4204 887 4275 medio
904 4212 1024 4298 a'gret
1039 4203 1179 4302 saphira
1196 4218 1235 4279 et
1252 4210 1286 4303 vj
1302 4211 1406 4283 midi!
1419 4220 1578 4309 gamatis

282 4325 323 4389 et
339 4314 466 4389 subtus
482 4314 507 4409 ij
525 4313 597 4387 litil
613 4317 771 4411 gamatis
789 4356 797 4373 ·

235 4430 333 4503 Item
358 4431 396 4501 in
422 4430 550 4522 quintu
566 4427 603 4499 is
620 4428 711 4501 ruha
728 4429 766 4500 in
782 4429 904 4501 medio
921 4429 1120 4529 anamiliug
1136 4440 1174 4503 at
1192 4433 1227 4523 vj
1244 4435 1348 4506 midii
1365 4442 1524 4533 gamatis
1541 4453 1580 4514 et

285 4540 410 4615 subtus
425 4541 450 4633 ij
467 4539 539 4614 litil
556 4540 714 4635 gamatis
732 4580 740 4599 ·
851 4550 863 4569 ¹
