4050 5534
449 617 520 688 cm
963 611 1268 688 numentum
1629 615 1779 712 [aucun

449 816 534 887 drea
560 810 721 908 episcopo
746 810 963 887 Mornvienfi
979 851 989 870 ·
1006 811 1196 886 Willelmc
1219 814 1264 886 de
1281 811 1398 886 Bond'
1424 822 1513 886 tuuc
1538 815 1779 889 cancellario·

451 926 592 999 ‚Ioanne
620 925 637 1021 [
730 923 820 1020 ]de
853 925 1100 1022 Huntyngtou
1127 969 1136 986 ·
1162 925 1283 998 Dauid
1314 927 1360 1000 de
1390 925 1582 1023 Lyndesny
1599 967 1608 986 ·
1626 927 1779 1002 Ricardo

453 1039 601 1132 Ghamp’
617 1077 626 1096 ·
644 1036 764 1111 Dauid
782 1035 1019 1111 Murescello·
1040 1037 1206 1111 Walterc
1231 1036 1369 1133 Byset·
1395 1037 1419 1110 J
1422 1039 1562 1112 ohanne
1579 1040 1625 1114 de
1651 1039 1778 1136 Hayn·

455 1149 664 1223 Alexandro
677 1153 722 1223 de
735 1151 950 1247 Stryuelyue
962 1192 972 1211 ·
986 1161 1025 1223 et
1038 1151 1162 1222 multis
1174 1149 1254 1246 elijs
1267 1191 1276 1208 ·
1291 1149 1401 1244 Apud
1416 1147 1570 1224 cnstmm
1583 1153 1781 1250 puellarum

455 1286 532 1334 xxx
549 1264 607 1335 die
622 1262 648 1335 J
650 1266 725 1360 unij
742 1289 836 1338 anno
855 1266 956 1360 regui
972 1259 1082 1336 nostri
1100 1260 1253 1357 septimo
1271 1263 1415 1336 decimo
1434 1303 1443 1322 ·

457 1598 689 1674 Confirmatio
706 1599 816 1673 Alani
833 1597 1003 1695 Hostierij
1022 1601 1107 1672 datu
1121 1597 1286 1695 hospitali
1303 1601 1350 1674 de
1367 1599 1586 1696 Kyncnrdyn
1607 1645 1616 1660 ·

459 1799 1787 1900 AlenusHostieriusomnibusamiciscthcmiuibussuissnlutcm·Sciunt

460 1938 643 2035 presentes
659 1945 697 2008 et
718 1936 832 2007 futuri
864 1958 924 2007 me
952 1930 1085 2006 dedisse
1115 1930 1316 2008 couceffilse
1339 1946 1377 2008 ct
1404 1938 1471 2010 hnc
1503 1933 1660 2031 presenti
1691 1951 1788 2014 centn

460 2076 542 2125 men
568 2043 787 2123 confirmasse
805 2047 940 2120 Decet
961 2047 1069 2119 beate
1099 2045 1219 2119 Meris
1248 2056 1287 2119 et
1309 2044 1472 2142 hospitali
1499 2047 1656 2122 eiusdem
1682 2037 1789 2148 gene-

460 2167 558 2237 tricis
578 2161 645 2234 Dei
659 2157 726 2232 fito
742 2161 847 2232 iuxta
857 2170 1005 2254 pontem
1023 2181 1130 2252 quem
1147 2169 1253 2253 puter
1276 2181 1379 2232 meus
1398 2161 1485 2232 lecit
1511 2159 1669 2234 construi
1686 2159 1789 2258 super

463 2278 542 2350 Dec
558 2284 597 2346 ct
613 2273 782 2344 lintribus
797 2273 836 2343 iu
858 2271 985 2343 endem
1002 2269 1169 2366 hospitali
1194 2271 1274 2344 Deo
1290 2269 1529 2346 seruientibus
1546 2285 1585 2346 et
1605 2272 1788 2348 seruitutis

461 2393 736 2482 inperpetuum
764 2385 802 2455 iu
831 2405 956 2476 purum
984 2393 1023 2455 et
1049 2393 1259 2478 perpetuam
1289 2379 1517 2456 clemosmam
1544 2387 1590 2456 nd
1618 2383 1790 2460 sustente-

460 2504 596 2573 tionem
615 2496 808 2570 eorundem
827 2505 866 2567 et
877 2517 1075 2589 pauperum
1093 2497 1335 2590 receptionem
1354 2479 1462 2569 vnum
1481 2497 1676 2570 duunchnm
1695 2509 1790 2572 terre

461 2637 532 2708 quc
548 2613 680 2684 dicitur
691 2607 912 2702 Sutbeluthy
923 2605 1075 2700 persnas
1086 2609 1198 2680 retius
1216 2605 1345 2680 diuisus
1362 2619 1400 2680 et
1418 2631 1499 2680 cum
1512 2611 1677 2683 omnibus
1690 2608 1790 2684 iustis

461 2723 692 2822 pertinencijs
709 2719 779 2790 suin
796 2729 834 2791 ct
851 2715 1036 2792 ecclesium
1054 2720 1099 2792 de
1111 2718 1332 2814 Kyncardyn
1350 2721 1387 2790 in
1406 2719 1510 2793 Mam
1525 2745 1608 2794 cum
1625 2724 1790 2796 omnibus

461 2835 563 2913 iustis
572 2833 804 2930 pertinencijs
813 2829 1025 2917 suis-Quare
1039 2831 1120 2902 volo
1134 2841 1172 2903 et
1185 2833 1343 2904 concedo
1358 2841 1397 2904 vt
1407 2833 1607 2926 predistum
1617 2832 1790 2929 hospitale

462 2963 501 3024 ct
514 2953 641 3022 iratres
657 2949 695 3018 in
708 2969 752 3018 eo
769 2942 966 3017 seruientes
984 2943 1063 3016 Deo
1076 2951 1114 3016 et
1127 2940 1294 3016 seruituti
1310 2945 1348 3015 in
1365 2953 1578 3038 perpetuum
1595 2947 1790 3040 predittnm

463 3057 647 3136 ecclesium
664 3069 703 3130 et
718 3058 914 3152 predictam
941 3067 1072 3129 terrum
1100 3056 1256 3129 hnbeent
1285 3064 1436 3128 teneant
1465 3066 1503 3128 et
1529 3053 1728 3150 pcffideant
1753 3061 1789 3130 in

462 3198 588 3273 purum
611 3184 650 3246 et
671 3179 880 3264 perpetuum
908 3163 1138 3241 elemosinam
1168 3191 1233 3263 per
1256 3167 1473 3241 succretust
1500 3167 1629 3242 diuisus
1652 3181 1789 3244 etcum

464 3288 629 3360 omnibus
646 3279 746 3355 iustis
758 3282 990 3375 pertinens-ijs
1003 3279 1074 3352 suis
1091 3282 1129 3352 in
1141 3282 1244 3352 terris
1257 3289 1296 3352 et
1306 3280 1406 3373 equis
1420 3281 1457 3352 in
1468 3278 1573 3352 bosco
1587 3291 1624 3352 et
1635 3281 1744 3374 pleno
1754 3284 1790 3354 iu

462 3401 574 3496 pratis
591 3408 630 3469 et
645 3393 783 3489 pascuis
799 3395 837 3464 in
854 3395 965 3464 moris
976 3402 1014 3464 ct
1032 3387 1206 3486 marresijs
1223 3393 1261 3464 iu
1278 3391 1426 3464 lacubus
1440 3400 1479 3462 et
1496 3387 1654 3485 piscenijs
1670 3394 1708 3465 iu
1726 3395 1790 3487 vijs

463 3523 502 3585 et
517 3510 653 3584 semitis
669 3511 708 3580 in
732 3507 817 3578 feris
840 3514 878 3577 et
902 3506 1030 3578 cuibus
1052 3505 1091 3575 iu
1113 3501 1247 3600 stagnis
1273 3512 1310 3575 et
1326 3503 1543 3575 molendinis
1553 3504 1649 3596 eden
1678 3505 1790 3578 libere

462 3627 585 3719 quiete
600 3593 760 3717 plenarie
777 3627 816 3690 et
831 3617 1025 3688 honorifice
1042 3613 1133 3688 ficut
1150 3615 1270 3710 eliqua
1281 3611 1474 3689 elemosine
1489 3617 1526 3686 in
1540 3639 1651 3712 regnu
1668 3616 1790 3692 Scotic

462 3737 611 3811 liberius
639 3731 796 3826 quietius
827 3729 970 3822 plenius
996 3729 1290 3801 honorificentius
1307 3728 1352 3800 nb
1369 3726 1488 3820 eliqua
1504 3727 1610 3798 domo
1627 3727 1791 3824 religiosa

461 3851 615 3922 hebetur
630 3852 778 3916 tenetur
793 3852 831 3913 et
845 3836 1041 3934 possidetur
1055 3881 1063 3900 ·
1076 3837 1241 3912 Testibus
1252 3841 1396 3912 domino
1407 3838 1557 3912 Andreu
1569 3837 1789 3914 Moruuienfi

461 3958 625 4057 episcopo
642 3955 805 4028 ·d0min0
830 3952 1020 4024 Willelmo
1034 3953 1172 4048 Oomyn
1191 3994 1200 4012 ·
1219 3951 1409 4024 Willelmo
1425 3961 1636 4046 precentore
1666 3951 1790 4026 Moru-

462 4069 592 4148 uiensm
622 4063 769 4141 ecclesie
787 4105 796 4123 ·
811 4056 1000 4135 Willelmo
1027 4065 1238 4138 cancellario
1255 4063 1413 4137 eiusdem
1430 4058 1579 4137 ecclesie
1596 4105 1605 4122 ·
1623 4063 1791 4163 magistro

460 4186 626 4261 Gilberto
638 4225 647 4242 ·
661 4189 699 4252 et
711 4173 879 4273 magistro
892 4175 1069 4248 Edwurdo
1087 4184 1146 4249 ·ct
1159 4173 1326 4272 magistro
1339 4175 1529 4248 Willelmo
1543 4173 1652 4272 Agno
1663 4217 1672 4234 ·
1685 4201 1790 4250 cenc-

460 4299 550 4371 uicis
583 4334 592 4352 ·
625 4293 785 4364 Roberto
813 4289 858 4360 de
887 4287 1084 4372 stuteville
1116 4329 1124 4347 ·
1156 4289 1301 4361 domino
1329 4287 1356 4360 J
1358 4289 1499 4360 ohanne
1520 4289 1566 4361 de
1594 4287 1787 4362 Vullibus·

460 4421 499 4484 et
531 4407 676 4481 domino
711 4403 869 4497 Hugone
903 4399 1080 4497 Flumeng
1110 4439 1121 4457 ·
1149 4401 1294 4472 dominc
1326 4400 1494 4473 Johenne
1528 4401 1574 4472 de
1607 4401 1787 4474 Cambron

460 4521 636 4595 militibus
663 4557 671 4576 ·
702 4517 847 4587 domino
868 4512 1058 4586 Willelmn
1093 4512 1277 4607 capellano
1304 4554 1314 4571 ·
1342 4511 1509 4608 magistro
1542 4511 1709 4586 Johnuue
1742 4513 1790 4586 de
