4050 5534
223 638 305 733 xv]
684 637 1087 713 nunnuounusu.
1487 653 1555 719 135

224 838 317 909 Item
334 840 380 911 ad
407 836 551 911 stallum
576 840 620 911 de
644 838 834 933 Banohory
852 860 962 911 vnum
990 836 1196 931 psalterium
1222 842 1261 911 iu
1286 840 1440 913 seeundo
1466 844 1552 915 solio

272 948 549 1049 Compuopimiai
566 992 574 1009 ·
1082 971 1084 975 ’

223 1062 315 1133 Item
333 1065 378 1135 ad
402 1060 547 1136 stallum
565 1065 610 1135 de
627 1062 805 1158 Balheluy
823 1086 934 1135 vnum
960 1063 1248 1155 antiphonarium
1275 1087 1358 1135 oum
1383 1064 1550 1157 psalterio

270 1174 424 1247 seoundo
441 1176 526 1248 folio
543 1175 695 1275 Lepotur
716 1172 783 1272 l'sa
801 1215 809 1232 ·

224 1286 271 1357 llt
288 1310 397 1359 vnum
414 1288 559 1383 gradale
576 1291 614 1361 iu
631 1287 786 1361 sooundo
804 1288 890 1359 solio
906 1285 1035 1359 Latitio
1051 1286 1188 1361 omdis·

223 1398 315 1469 Item
333 1402 379 1471 ad
396 1397 539 1473 stallum
558 1402 603 1472 de
617 1400 836 1496 Kynoardyn
850 1422 961 1469 vnum
978 1400 1266 1493 antiphonarium
1281 1423 1364 1471 oum
1380 1400 1547 1493 psalterio

268 1510 423 1583 seeundo
441 1514 527 1584 folio
551 1510 603 1585 To
619 1512 730 1585 luco·

222 1622 269 1694 Et
285 1647 396 1696 vnum
408 1626 554 1719 gradale
570 1628 608 1697 iu
624 1623 781 1698 seeundo
799 1625 885 1696 folio
901 1623 1014 1721 Apud
1028 1624 1125 1696 deum
1143 1667 1150 1682 ·

221 1735 313 1807 Item
330 1738 377 1809 ad
392 1733 537 1809 stallum
555 1739 601 1810 de
617 1738 874 1833 Endernoohty
888 1760 998 1809 vnum
1011 1735 1220 1831 psalterium
1238 1740 1276 1809 iu
1292 1737 1447 1811 secundo
1461 1742 1547 1813 folio

267 1845 419 1921 Domino
436 1848 560 1945 dactyli
577 1903 585 1921 .

221 1960 312 2032 Item
340 1962 385 2033 ad
413 1960 557 2034 stallum
592 1964 637 2033 de
665 1961 774 2032 Ellon
805 1984 915 2031 vnum
945 1964 1169 2053 portiforium
1198 1966 1235 2033 in
1270 1960 1423 2035 secundo
1460 1966 1545 2037 solio

266 2070 311 2142 Io
329 2073 451 2168 iusim·

223 2182 312 2255 Item
331 2208 441 2257 vnum
466 2186 612 2281 gradale
629 2188 667 2258 in
684 2184 840 2257 secundo
862 2185 948 2255 solio
974 2187 1149 2280 incipiens
1174 2196 1299 2259 rorata
1317 2229 1325 2244 ·
1346 2189 1401 2283 [in
1420 2191 1546 2261 eodem

268 2296 448 2369 volumine
465 2294 719 2392 proeeslionale
738 2295 767 2391 ·]

225 2406 314 2485 Item
331 2432 440 2481 vnum
458 2408 663 2503 psalterium
681 2412 857 2504 incipiens
873 2411 910 2479 in
928 2407 1083 2481 secundo
1097 2410 1183 2482 solio
1202 2409 1314 2507 Caput
1329 2436 1434 2484 meum
1454 2452 1461 2467 ·

225 2518 313 2591 Item
327 2544 436 2594 vnum
455 2523 673 2594 ordinarium
691 2524 867 2615 inoipIeus
883 2518 1009 2592 Primo
1027 2522 1219 2595 dontimoo·

416 2798 600 2891 Inoipiunt
618 2790 721 2868 nram
741 2818 782 2867 ru
801 2817 980 2868 connum
1000 2817 1178 2869 sunu1cro
1196 2820 1314 2871 cnoar
1334 2855 1341 2868 .

223 2970 401 3064 Inprimis
419 2975 456 3043 in
473 2976 655 3045 communi
681 2996 746 3067 pro
762 2974 870 3044 choro
888 2996 998 3045 vnum
1017 2974 1307 3066 antiphonarium
1336 3000 1399 3069 pro
1427 2982 1546 3070 pueris

268 3080 339 3155 fine
355 3082 525 3179 psalterio
542 3095 580 3156 et
598 3087 724 3179 inoipit
742 3086 779 3155 in
798 3082 953 3157 secundo
971 3088 1058 3157 folio
1076 3084 1148 3175 Quo
1163 3085 1322 3182 respicit·

222 3193 312 3265 Item
328 3220 439 3269 vnum
455 3198 745 3292 antiphonarium
765 3220 811 3267 ex
829 3198 922 3268 dono
941 3199 1076 3269 domini
1095 3196 1276 3269 Willelmi
1294 3200 1412 3295 Skyar
1428 3203 1546 3295 capel-

269 3308 338 3381 lani
354 3332 420 3403 pro
436 3311 619 3381 communi
636 3307 786 3381 seruioio
803 3319 841 3381 et
858 3312 986 3403 incipit
1002 3307 1159 3381 seeundo
1177 3310 1262 3381 folio
1282 3310 1352 3401 Qui
1367 3314 1501 3386 deducis
1519 3357 1526 3372 ·

222 3417 311 3491 Item
328 3422 399 3492 duo
417 3422 666 3515 antIphonaria
682 3445 727 3492 ex
746 3422 839 3492 dono
865 3422 1000 3492 domini
1020 3421 1169 3494 Henrioi
1195 3422 1348 3517 episcopi
1365 3425 1546 3498 Abirdon-

266 3528 356 3604 ensra
368 3556 443 3605 non
460 3534 505 3605 de
524 3531 586 3605 vsu
603 3529 722 3603 nostro
737 3573 745 3589 ·
760 3534 916 3626 primum
933 3535 971 3604 iu
988 3531 1145 3605 secundo
1157 3534 1245 3605 solio
1259 3533 1464 3631 Epredietur
1480 3580 1488 3595 ·
1507 3551 1545 3611 et

266 3643 456 3716 seeundum
475 3648 512 3716 in
529 3643 685 3717 seeundo
702 3644 788 3715 solio
807 3642 901 3718 ane
916 3643 1028 3717 uenit·

222 3754 310 3826 Item
328 3779 438 3828 vnum
454 3757 599 3852 gradale
616 3758 790 3850 incipiens
807 3753 1012 3828 insecundo
1031 3756 1116 3827 folio
1133 3754 1214 3829 Non
1230 3758 1496 3855 oonfirodontur·

221 3865 310 3939 Item
329 3892 438 3940 vnum
455 3869 601 3964 gradale
617 3893 681 3963 pro
699 3867 831 3941 eisdem
845 3871 1020 3963 incipiens
1037 3871 1074 3938 iu
1092 3867 1247 3939 seeundo
1260 3870 1547 3968 folioReputotur

266 3980 431 4076 ‹fficium-
1100 4032 1104 4039 -

220 4090 311 4163 Item
337 4116 447 4165 vnum
473 4094 697 4187 portisorium
729 4116 792 4185 pro
820 4094 1027 4164 cantoribus
1056 4094 1093 4162 in
1121 4089 1275 4165 seeundo
1306 4096 1392 4166 folio
1418 4095 1550 4173 Procul

266 4204 440 4277 mundant·

220 4314 312 4387 Item
328 4341 399 4389 rna
415 4318 567 4412 legenda
582 4315 786 4391 annorum
803 4320 841 4389 in
858 4314 1013 4389 seoundo
1031 4315 1117 4387 solio
1133 4315 1197 4387 Ad
1210 4317 1486 4412 restaurationem
1502 4364 1511 4379 ·

219 4426 312 4499 Item
346 4429 415 4501 ulia
440 4429 593 4524 legenda
625 4426 825 4501 sannorum
856 4431 892 4500 in
923 4426 1079 4501 seeundo
1106 4428 1193 4499 folio
1222 4429 1370 4503 Animos
1398 4436 1545 4506 omnium

267 4537 434 4613 lominum
453 4584 460 4599 ·
