4050 5534
448 633 493 699 10
825 663 828 668 ·
961 623 1267 700 REGIS'IRUM
1628 623 1781 720 [sucum

438 823 649 920 ‚episcopum
678 819 888 898 consessores
916 825 1047 917 quibus
1075 822 1225 919 persone
1252 826 1374 919 ricarij
1404 833 1443 896 et
1473 825 1630 896 miuores
1658 822 1779 896 clerici

445 939 589 1012 valeant
614 937 777 1011 confiteri
798 939 860 1031 qui
885 937 1030 1010 decanis
1054 933 1201 1010 forsitan
1226 935 1441 1010 erubescunt
1465 938 1630 1010 confiteri
1646 946 1685 1008 et
1702 958 1782 1007 ver·

444 1062 552 1124 entur
578 1095 587 1111 ·
614 1049 659 1122 ln
682 1045 840 1122 ecclesiis
864 1073 949 1121 vero
974 1049 1240 1122 cathedralibus
1265 1045 1478 1122 consessores
1503 1046 1642 1121 institui
1666 1050 1781 1142 preci·

444 1165 562 1257 pimus
577 1160 789 1258 generales·

801 1384 931 1458 XVII.
957 1383 1017 1457 De
1032 1385 1151 1458 locato
1168 1394 1207 1458 et
1223 1385 1399 1458 condutio
1416 1427 1425 1442 ·

444 1611 538 1683 Cum
565 1609 665 1682 laicis
693 1609 769 1680 dari
798 1603 966 1681 ecclesias
994 1609 1041 1680 ad
1069 1609 1210 1682 firmam
1239 1603 1284 1680 srt
1313 1611 1458 1704 penitus
1485 1606 1712 1682 inhonestum
1738 1621 1778 1682 et

443 1723 581 1796 clericis
597 1717 868 1815 quibuscunque
888 1721 933 1793 ad
956 1719 1106 1816 longum
1129 1731 1274 1815 tempus
1298 1731 1446 1814 propter
1470 1722 1779 1794 continuationem

443 1835 697 1930 temporisque
710 1830 897 1905 consueuit
914 1831 1041 1906 afferre
1056 1831 1258 1928 periculum
1274 1827 1434 1925 eccleliJ's
1448 1828 1562 1926 posset
1573 1828 1645 1906 elle
1657 1834 1781 1930 damp-

443 1947 599 2020 nosum·
627 1954 820 2039 utrumque
844 1941 1039 2017 distridtius
1067 1945 1272 2018 inhibentes
1296 1941 1487 2018 statuimus
1511 1955 1552 2015 vt
1576 1969 1644 2018 uec
1669 1945 1780 2042 laycis

443 2081 599 2154 vnquam
624 2081 693 2130 nec
716 2055 874 2152 personis
900 2053 1146 2130 ecclesiasticis
1169 2059 1283 2129 etiam
1305 2054 1399 2128 vltra
1423 2058 1707 2150 quinquennium
1731 2060 1778 2131 ad

440 2175 580 2245 firmam
600 2194 673 2242 uon
690 2171 940 2242 conserantur·
954 2193 1024 2242 uec
1036 2193 1080 2242 eo
1091 2170 1196 2242 finito
1212 2176 1434 2241 renouentur
1449 2167 1581 2241 eisdem
1598 2166 1663 2242 uifi
1679 2173 1779 2266 prius

440 2283 532 2380 ipsas
566 2283 625 2377 alij
659 2282 854 2356 habuerint
889 2281 1050 2354 mediate
1082 2279 1189 2354 saluis
1221 2276 1502 2354 concessionibus
1535 2281 1779 2377 religiosorum

439 2396 546 2491 super
573 2394 692 2491 garbis
719 2395 772 2466 eis
796 2395 836 2464 iu
863 2395 1025 2487 proprios
1050 2391 1131 2466 rsus
1155 2388 1326 2465 concellis
1342 2432 1351 2449 ·
1370 2401 1409 2464 et
1434 2401 1475 2463 rt
1499 2395 1621 2466 omnia
1644 2391 1715 2468 siut
1739 2398 1779 2468 in

441 2518 524 2580 tuto
548 2507 764 2600 precipimus
781 2513 822 2576 vt
846 2503 1073 2598 presentibus
1097 2502 1270 2598 episcopis
1288 2503 1346 2576 vel
1371 2504 1638 2599 archidyaconis
1660 2506 1779 2580 firma·

441 2641 522 2692 rum
547 2618 612 2690 fiat
636 2617 831 2689 conuentio
857 2639 904 2688 ex
921 2639 991 2709 qua
1015 2617 1137 2712 plures
1163 2616 1286 2688 littere
1310 2614 1510 2689 scribantur
1534 2640 1685 2710 quarum
1707 2642 1779 2692 vua

442 2738 586 2804 maneat
602 2751 714 2824 penes
731 2725 936 2823 episcopum
954 2729 1013 2801 vel
1030 2750 1142 2822 penes
1158 2728 1425 2800 archidiaconos
1443 2773 1451 2788 ·

585 2951 739 3026 XVIII.
765 2951 823 3024 De
841 2952 1109 3025 cohabitatione
1126 2953 1347 3025 clericorum
1365 2961 1403 3024 et
1419 2954 1612 3026 mulierum
1629 2992 1637 3011 ·

441 3181 546 3252 Licet
562 3178 607 3252 ad
629 3177 893 3273 profugandam
910 3199 932 3248 a
949 3175 1084 3249 laribus
1108 3171 1258 3248 ecclesus
1282 3175 1467 3269 putridum
1491 3174 1582 3248 illud
1599 3179 1778 3274 cupidinis

439 3288 626 3364 libidinose
649 3289 858 3384 contagium
873 3311 945 3381 quo
963 3287 1070 3361 decor
1086 3283 1236 3361 ecclesie
1260 3288 1416 3381 turpiter
1431 3287 1633 3362 maculatur
1653 3287 1778 3364 studu-

439 3405 535 3476 erint
555 3399 695 3493 semper
711 3395 936 3473 ecclesrastiei
956 3397 1121 3473 austures
1137 3396 1252 3492 ipsum
1270 3408 1393 3471 tamen
1416 3399 1656 3494 improbitatis
1672 3413 1776 3477 tante

439 3510 563 3588 existit
587 3523 628 3586 vt
653 3510 793 3606 semper
815 3509 852 3584 se
876 3513 1019 3607 ingerat
1043 3511 1274 3606 impudenter
1299 3550 1307 3567 ·
1332 3510 1500 3583 uolentes
1525 3535 1610 3608 ergo
1634 3524 1777 3588 tautam

438 3623 586 3701 ecclefie
602 3624 838 3721 ignominiam
855 3624 1134 3696 conniuentibus
1146 3622 1260 3696 oeulis
1276 3623 1451 3717 preterire
1461 3625 1693 3700 incorret’tam
1705 3623 1776 3700 sta·

437 3750 520 3812 tuta
535 3737 782 3810 Romanorum
795 3735 1008 3830 pontificum
1025 3746 1064 3808 et
1080 3739 1239 3808 maxime
1256 3735 1447 3808 decretalis
1458 3733 1661 3810 Alexandri
1674 3737 1773 3834 Pape

437 3852 543 3946 super
565 3849 634 3922 hoc
659 3849 759 3920 edita
783 3847 996 3940 exequendo
1022 3843 1213 3920 statuimus
1229 3856 1268 3919 et
1284 3844 1476 3919 statuendo
1500 3850 1716 3944 precipimus
1732 3863 1774 3926 vt

437 3962 558 4036 clerici
575 3970 614 4032 et
629 3961 788 4032 maxime
804 3959 843 4030 iu
858 3957 965 4031 sacris
981 3959 1166 4032 ordinibus
1182 3955 1370 4032 constituti
1387 3962 1449 4052 qui
1465 3962 1504 4031 in
1520 3958 1591 4034 suis
1608 3963 1774 4037 domibus

437 4074 495 4146 vel
513 4073 639 4148 alienis
657 4073 823 4144 detinent
840 4069 985 4165 publice
1002 4071 1220 4143 concubinas
1236 4093 1297 4142 eas
1313 4069 1455 4164 prorsus
1470 4094 1493 4142 a
1508 4068 1545 4144 se
1560 4086 1774 4148 remoueant

436 4187 530 4260 infre
561 4181 722 4256 mensem
750 4182 839 4256 alias
868 4181 915 4254 de
943 4193 1064 4254 cetero
1093 4182 1294 4255 nullatinus
1323 4181 1507 4255 detentari
1540 4183 1700 4277 alioquin
1725 4188 1773 4260 ab

437 4297 552 4370 officio
578 4304 617 4367 et
641 4295 816 4367 beneficio
843 4287 914 4364 srnt
940 4290 1095 4388 suspensi
1111 4333 1121 4350 ·
1138 4293 1199 4366 Ita
1222 4293 1317 4386 quod
1341 4289 1450 4386 usque
1474 4317 1546 4387 quo
1572 4292 1677 4390 super
1702 4298 1774 4372 hoc

436 4407 669 4482 satisfecerint
685 4406 731 4478 de
752 4405 935 4500 beneficijs
961 4401 1205 4478 ecclesiasticis
1220 4403 1257 4478 se
1273 4404 1473 4480 nullatinus
1497 4408 1743 4483 intromittant
1759 4451 1770 4470 ·

436 4520 594 4612 alioquin
610 4515 685 4613 ipso
702 4519 780 4590 iure
796 4514 890 4611 ipsos
906 4519 959 4590 cis
977 4519 1203 4592 decernimus
1219 4513 1289 4590 esse
1305 4518 1485 4612 priuatos·
1500 4518 1665 4594 volumus
1681 4545 1772 4617 quo-
