4050 5534
404 663 474 729 100
926 645 1233 724 REGISTRUM
1603 649 1755 745 [secum

404 851 618 946 capellania
634 847 796 924 eiusdem
813 843 974 944 magistri
991 846 1016 917 J
1018 848 1170 919 ohannis
1187 869 1295 940 quam
1313 847 1425 920 habet
1448 843 1617 943 magister
1633 846 1754 919 Dauid

457 965 615 1056 Menges
632 960 835 1035 extendens
852 960 897 1032 ad
915 961 963 1053 vij
981 959 1045 1032 lic.
1063 959 1097 1052 vj
1116 959 1149 1030 p,
1169 961 1229 1053 viij
1249 957 1285 1032 c.
1305 959 1364 1056 [et
1381 982 1455 1032 non
1472 956 1605 1032 refidat
1622 956 1654 1053 ·]

407 1077 504 1148 Item
522 1075 609 1169 xxvj
628 1073 659 1146 a.
678 1074 739 1168 viij
757 1069 794 1144 d.
813 1071 925 1166 empti
944 1093 1010 1166 per
1023 1069 1226 1145 Henricum
1239 1070 1448 1167 episcopum
1460 1067 1754 1144 Aberdonensem

407 1212 429 1260 a
446 1187 632 1260 Couentre
649 1227 657 1243 ·

508 1408 662 1482 Summa
677 1407 786 1480 huius
803 1405 990 1480 facultatis
1006 1415 1113 1478 extra
1129 1401 1420 1478 distributionem
1438 1406 1484 1479 de
1500 1405 1668 1500 presente

883 1517 946 1611 xlij
965 1516 1030 1588 liii.
1048 1517 1112 1610 xiij
1130 1517 1163 1586 a.
1181 1517 1232 1610 iiij
1250 1513 1286 1590 (l.

490 1745 642 1818 Summa
658 1743 771 1814 totius
787 1741 974 1815 facultatis
990 1741 1029 1813 in
1047 1735 1297 1812 distributione
1315 1743 1499 1814 communi
1516 1750 1555 1814 at
1572 1751 1676 1816 extra

736 1851 1026 1926 distributionem
1043 1852 1253 1947 ij⁰iiij¹²xviij
1271 1851 1333 1925 lit.
1351 1855 1389 1925 ix
1406 1848 1441 1925 ss,

414 2305 472 2378 De
499 2305 706 2377 communia
730 2301 880 2396 capituli
902 2295 1093 2372 sustentati
1119 2294 1268 2395 lingniis
1293 2301 1397 2374 annia
1422 2314 1463 2373 vt
1490 2299 1652 2396 sequitur
1676 2327 1762 2376 oum

413 2428 568 2510 quatuor
592 2417 694 2488 libris
719 2414 766 2486 ‹le
792 2413 931 2484 decano
956 2411 1116 2484 eiusdem
1142 2410 1292 2505 capituli
1323 2414 1546 2486 extendente
1567 2417 1604 2486 in
1623 2414 1764 2488 summa

413 2530 458 2602 ad
476 2529 606 2623 viginti
623 2524 686 2598 sex
712 2525 821 2596 libras
842 2520 1106 2596 distribuendae
1132 2519 1280 2618 singulis
1306 2525 1410 2597 annia
1435 2522 1578 2598 sacriste
1595 2537 1633 2598 et
1651 2528 1766 2598 vnde-

412 2643 484 2712 cim
509 2639 631 2734 pueris
658 2636 831 2731 quamdiu
857 2636 994 2707 fuerint
1024 2637 1062 2706 in
1091 2657 1179 2707 voce
1204 2637 1334 2729 puerili
1361 2677 1370 2693 ·
1398 2647 1436 2710 et
1462 2635 1649 2732 postquam
1678 2639 1765 2712 illas

413 2773 520 2824 voces
547 2746 744 2822 amiserunt
772 2747 915 2820 licitum
940 2747 1010 2818 erit
1037 2747 1198 2840 preditto
1221 2747 1380 2844 capitulo
1406 2747 1549 2822 eosdem
1573 2775 1765 2825 remouere

413 2866 550 2935 totiens
566 2864 735 2955 quotiens
757 2882 849 2954 opus
869 2861 980 2932 fuerit
1006 2867 1046 2930 et
1067 2858 1157 2930 alios
1184 2861 1220 2931 in
1248 2860 1446 2933 eorundem
1464 2861 1552 2935 locis
1575 2865 1766 2958 imponere

413 2985 452 3047 et
468 2972 659 3046 instituere
678 3014 687 3030 ·

562 3307 613 3378 Et
635 3310 680 3380 de
697 3307 905 3379 communia
921 3305 1073 3399 capituli
1195 3359 1203 3375 .
1306 3359 1314 3376 .
1416 3363 1424 3378 .
1543 3311 1658 3404 vjliu.

1480 3419 1632 3494 Summa
1652 3447 1676 3494 x
1694 3421 1767 3498 lib.

412 3528 486 3614 Qui
503 3530 654 3602 habebit
678 3552 743 3623 pro
768 3526 971 3623 pulsatione
996 3551 1252 3622 campanarum
1271 3530 1423 3604 cuilibet
1440 3533 1486 3605 de
1503 3537 1655 3607 mortuis
1679 3537 1704 3628 ij
1722 3535 1768 3611 β.

415 3638 465 3711 Et
481 3640 594 3713 nichil
611 3641 767 3736 amplius
783 3664 902 3734 neque
919 3641 1040 3711 minus
1058 3681 1067 3696 ·

414 3862 566 3935 Summa
590 3863 705 3934 totins
730 3861 916 3936 facultatis
940 3861 1101 3955 prediita
1117 3861 1267 3936 ecclesie
1289 3863 1568 3959 presbiterorum
1594 3870 1771 3944 diacono-

412 3997 494 4044 rum
511 3973 810 4046 subdiaconorum
833 3973 1070 4046 accolitornm
1098 3971 1353 4069 Mydlettroun
1378 3978 1415 4048 in
1442 3974 1694 4056 distributione
1719 3999 1771 4060 et

413 4093 518 4168 extra
544 4083 834 4157 distributionem
859 4081 1095 4158 residentium
1122 4104 1161 4158 et
1190 4110 1264 4158 non
1293 4083 1526 4163 residentium
1556 4089 1696 4166 sacriste
1718 4111 1770 4172 et

412 4218 605 4288 puerorum
629 4197 674 4267 de
697 4199 905 4268 communia
928 4205 1052 4290 preter
1069 4199 1241 4270 moenum
1268 4195 1379 4272 sanai
1397 4201 1566 4297 Mauricij
1593 4215 1632 4277 et
1654 4203 1769 4284 suum

413 4307 584 4380 clericum
601 4307 861 4402 parrochialem
878 4308 1036 4402 iijixxiiij
1055 4307 1117 4380 lib.
1137 4309 1175 4380 ix
1194 4307 1223 4382 ll.
