4050 5534
247 660 350 755 xre]
718 661 1122 736 ABERDONENSE.
1510 673 1586 754 241

491 971 617 1050 Fran
631 996 753 1048 serra
777 1017 787 1033 ·
813 973 961 1050 Lucrro
980 973 1087 1048 leam
1107 999 1338 1050 proruere·

293 1198 377 1272 Hec
389 1201 479 1273 dicit
487 1201 662 1272 dominus
678 1199 780 1273 Deus
797 1199 1041 1298 ·Egreclietur
1052 1204 1152 1298 virga
1164 1204 1210 1275 de
1226 1203 1346 1276 radice
1360 1199 1451 1276 Ielle
1469 1213 1507 1276 et
1521 1204 1585 1278 flos

245 1313 429 1386 deradice
453 1315 531 1385 eius
548 1309 741 1388 ascendet·
773 1323 810 1386 et
836 1311 1038 1406 requiescet
1062 1311 1167 1409 super
1184 1337 1268 1388 enm
1284 1313 1427 1409 spiritns
1449 1317 1585 1388 domini

242 1421 387 1518 spiritus
400 1421 572 1519 bpientie
589 1435 629 1498 et
653 1425 861 1505 intellettus
877 1423 1024 1520 spiritua
1040 1424 1176 1520 consilij
1189 1437 1228 1499 et
1245 1428 1468 1500 fortitudinis
1487 1427 1586 1522 spiri·

241 1547 302 1614 tua
329 1536 477 1613 scientie
500 1547 538 1610 et
562 1540 710 1632 pietatis
736 1549 776 1611 et
800 1537 956 1632 replebit
973 1561 1058 1610 enm
1086 1538 1229 1634 spiritns
1253 1541 1393 1612 timoris
1419 1539 1582 1612 domini·

242 1648 330 1720 Non
346 1646 543 1722 secundum
556 1646 727 1737 visionem
746 1648 931 1747 oculorum
949 1651 1124 1724 iudicabit
1141 1675 1260 1745 neque
1277 1650 1473 1724 secundum
1484 1655 1585 1725 audi-

242 1772 322 1832 tum
347 1764 489 1834 aurium
513 1773 641 1858 arguet
671 1759 765 1834 ·sed
782 1762 957 1833 iudicabit
972 1763 1012 1833 in
1030 1760 1171 1836 iusticia
1195 1784 1372 1857 pauperes
1397 1772 1436 1835 et
1454 1774 1582 1860 arguet

241 1875 278 1944 in
304 1877 467 1966 equitate
482 1898 548 1969 pro
565 1873 761 1946 mansuetis
779 1884 874 1946 terre
893 1917 902 1933 ·
921 1884 960 1945 et
976 1877 1157 1969 percutiet
1174 1885 1308 1948 terram
1326 1877 1426 1970 virga
1442 1879 1512 1947 orie
1529 1874 1582 1948 sui

240 1995 279 2057 et
288 1984 416 2079 spiritu
431 1987 609 2059 labiorum
621 1984 766 2058 suorum
783 1987 978 2058 interficiet
995 1989 1147 2081 impium
1165 2029 1174 2047 ·
1201 1997 1240 2059 et
1257 1990 1327 2059 erit
1353 1985 1492 2060 iusticia
1508 1991 1583 2060 cin-

238 2098 365 2192 gulum
383 2099 588 2170 lumborum
605 2101 684 2171 eiua
699 2109 740 2172 et
754 2099 844 2171 fider
861 2100 1073 2171 cinttorinm
1090 2123 1218 2172 renum
1235 2101 1333 2171 eius·

407 2435 582 2508 Seaaero
599 2435 791 2520 Queruor
808 2455 1023 2508 raucorum
1041 2475 1050 2491 ·
1067 2432 1173 2506 Iserr
1191 2457 1413 2511 rnornnnn·

288 2661 334 2734 In
360 2662 487 2735 diebus
511 2659 585 2732 illie
611 2660 823 2733 clamabunt
847 2660 895 2732 ad
920 2660 1107 2732 dominum
1137 2684 1160 2733 a
1191 2663 1283 2734 facie
1305 2661 1514 2736 tribulantis
1540 2603 1578 2736 et

240 2777 364 2847 mittet
388 2775 441 2846 eie
459 2770 674 2844 saluatorem
691 2783 730 2843 et
746 2780 1053 2866 propugnatorem
1070 2774 1132 2866 qui
1149 2773 1280 2846 liberet
1297 2797 1357 2846 eos
1370 2813 1379 2830 ·
1393 2785 1431 2848 ct
1448 2799 1580 2871 cogno-

237 2886 357 2961 scetur
381 2887 548 2957 dominus
564 2885 611 2958 ab
629 2884 764 2979 Egipto
788 2894 828 2956 et
853 2879 1071 2978 cognoscent
1096 2883 1232 2979 Egiptij
1259 2885 1447 2958 dominum
1465 2888 1502 2959 in
1520 2889 1578 2960 die

238 3000 301 3072 illa
316 3008 355 3071 et
371 2997 495 3071 colent
510 3019 596 3068 enm
612 2999 653 3068 in
668 2993 793 3091 bostije
806 3005 846 3068 et
861 2997 1071 3068 muneribus
1085 3006 1124 3068 et
1137 3006 1222 3069 rota
1234 2999 1419 3070 vouebnnt
1433 2999 1578 3070 domino

238 3124 277 3185 et
293 3110 459 3184 soluent·
479 3109 530 3182 Et
546 3111 729 3203 percutiet
754 3110 921 3181 dominus
939 3108 1114 3204 Egiptnm
1139 3109 1246 3204 plaga
1262 3117 1300 3180 et
1318 3107 1456 3182 sanabit
1474 3134 1578 3183 eam·

238 3235 276 3296 et
304 3231 538 3296 reuertentur
563 3219 701 3318 Egiptij
726 3221 772 3292 ad
798 3221 986 3292 dominum
1012 3231 1052 3293 et
1076 3220 1278 3315 placabitur
1304 3223 1356 3293 eia
1382 3222 1420 3293 et
1437 3221 1577 3296 sanabit

237 3363 299 3410 eoo
315 3338 483 3410 dominus
499 3336 590 3408 <leue
605 3331 749 3406 noster·

421 3672 645 3766 Procurrere
661 3689 864 3741 arcuum·
884 3667 1029 3740 anrro
1047 3665 1151 3740 Isim
1169 3687 1390 3741 recanere·

285 3899 368 3972 llec
392 3899 483 3970 dicit
507 3895 675 3969 dominun
704 3937 713 3954 ·
744 3890 939 3965 beabitur
962 3890 1103 3964 deserta
1132 3902 1171 3963 et
1196 3893 1296 3964 inuia
1325 3901 1364 3963 et
1394 3891 1574 3966 exultabit

234 4013 390 4085 solitudo
407 4020 447 4082 et
462 4007 606 4081 florebit
631 4001 728 4100 qnafi
747 4004 865 4077 lilium
887 4044 897 4061 ·
917 4005 1123 4100 germinans
1140 4004 1359 4097 germinabit
1377 4014 1415 4078 et
1433 4006 1575 4078 exulta-

235 4127 288 4196 bit
305 4121 503 4198 letabunda
518 4133 558 4192 et
575 4117 733 4191 landant
753 4155 762 4174 ·
785 4116 902 4212 gloria
919 4116 1047 4188 Libani
1067 4115 1153 4187 data
1169 4111 1221 4186 est
1238 4116 1272 4185 ei
1290 4115 1398 4188 decor
1415 4115 1572 4192 Carmeli

233 4249 272 4309 et
297 4236 413 4310 Saron
434 4275 444 4294 ·
465 4229 531 4328 ipsi
548 4231 725 4303 ridebunt
749 4227 902 4325 gloriam
919 4227 1056 4299 domini
1082 4234 1121 4298 et
1146 4224 1313 4297 decorem
1339 4226 1398 4299 dei
1426 4226 1537 4301 nostri
1563 4267 1571 4284 ·

233 4347 446 4420 Consortate
473 4365 604 4416 manna
633 4339 816 4414 dissolutae
849 4348 887 4414 et
925 4363 1046 4436 genua
1074 4336 1209 4411 debilia
1233 4338 1399 4411 roborate
1425 4381 1435 4402 ·
1461 4339 1573 4414 dicite

231 4457 468 4554 pusillanimis
496 4456 761 4529 confortamini
792 4462 831 4526 et
868 4452 984 4525 nolite
1013 4453 1143 4524 timere
1174 4492 1183 4510 ·
1218 4471 1303 4524 eece
1330 4450 1421 4522 (leue
1455 4449 1577 4524 noster

283 4589 367 4644 voc.
386 4591 427 4640 n.
879 4573 901 4638 2
920 4585 948 4638 u
