4050 5534
253 636 341 731 xv.]
724 626 1128 704 rannnonnnsn.
1526 634 1596 699 905

255 839 300 909 de
317 835 473 930 Calabyr
488 828 713 927 prebendarij
732 831 778 903 de
797 830 938 902 Ellone-
954 831 999 902 de
1024 849 1095 922 quo
1114 828 1408 901 commemoratio
1426 824 1595 897 videlicet

256 973 305 1021 xx
331 949 361 1021 ἔ.
388 948 434 1017 de
463 945 498 1017 le
525 942 796 1039 thhyrmanys
820 944 857 1014 in
883 938 1251 1035 recompensationem
1276 936 1422 1032 bospioij
1441 947 1530 1010 tunc
1548 938 1594 1008 de

256 1060 387 1131 Ellone
412 1060 516 1130 iuxta
531 1054 730 1150 hospicium
749 1057 884 1126 domini
902 1051 1057 1148 episcopi
1077 1050 1248 1147 applicati
1272 1052 1416 1122 domino
1433 1046 1596 1143 episcopo

255 1174 521 1265 imperpetuum
552 1169 709 1241 edificati
739 1177 777 1240 et
799 1168 941 1240 fundati
970 1189 1036 1261 por
1061 1165 1260 1258 predictum
1291 1164 1478 1234 dominum
1503 1160 1598 1232 Wil-

257 1284 404 1357 lelmum
424 1320 432 1341 ·

764 1506 913 1579 Alanus*
924 1504 1071 1576 Fwthes
1089 1548 1097 1564 ·

256 1619 370 1692 Sexto
395 1619 569 1693 kalendas
596 1618 819 1713 Septembris
844 1614 1126 1689 anniuersarium
1153 1616 1290 1687 domini
1317 1614 1430 1687 Alani
1448 1613 1594 1686 Fwthes

256 1730 471 1824 suorumque
489 1741 681 1825 parentum
702 1740 742 1803 et
764 1730 1033 1805 benefactorum
1051 1730 1124 1801 iam
1140 1729 1250 1798 tertio
1267 1728 1399 1800 fabrum
1419 1728 1464 1798 de
1480 1728 1544 1818 xiij
1562 1728 1592 1797 ἔ.

253 1843 304 1937 iiij
323 1840 359 1914 d.
378 1843 424 1915 do
441 1842 539 1916 Glak
556 1845 743 1915 annuatim
762 1884 770 1901 ·

738 2067 924 2139 Johannes
943 2066 1095 2140 Robcrti
1113 2106 1121 2124 ·

255 2181 395 2267 Quinto
412 2178 584 2251 kalendas
603 2178 816 2251 Decembris
830 2180 951 2251 obitus
963 2179 1140 2253 Johannis
1154 2180 1307 2253 Roberti
1325 2180 1370 2253 de
1386 2180 1596 2278 Twlygrege

255 2296 315 2386 qni
333 2290 435 2364 dedit
451 2299 627 2384 perpetuo
645 2292 771 2364 decem
788 2294 818 2364 ἔ.
836 2294 947 2363 annui
966 2294 1128 2364 redditus
1145 2293 1192 2363 de
1205 2294 1310 2364 terris
1326 2291 1397 2365 suis
1414 2296 1460 2365 de
1477 2295 1594 2366 Aber-

257 2406 348 2478 dene
365 2428 429 2499 pro
447 2426 518 2475 vno
535 2401 751 2475 uniuersario
769 2402 986 2476 celebrando
1004 2405 1064 2476 die
1081 2427 1151 2496 quo
1169 2402 1274 2497 supra
1289 2429 1355 2499 pro
1372 2407 1492 2478 anima
1508 2403 1594 2478 sua·

478 2629 662 2701 Henricus
680 2628 869 2722 Lychtone
888 2627 1075 2723 episcopus
1091 2626 1361 2703 Aberdonenfis
1379 2672 1387 2689 ·

256 2740 423 2813 Secundo
451 2740 540 2814 Idus
568 2739 781 2814 Decembris
805 2741 927 2813 obitus
956 2742 1052 2813 bone
1080 2745 1254 2813 memorie
1281 2743 1417 2816 domini
1447 2744 1597 2816 Henrici

258 2852 446 2949 Lychtone
471 2851 626 2948 episcopi
644 2849 913 2926 Aberdonensis
937 2854 981 2925 de
1009 2878 1080 2947 qno
1098 2858 1392 2927 commemoratio
1409 2858 1597 2930 annuatim

258 2965 425 3037 videlicet
442 2966 506 3059 xiij
525 2966 555 3037 ἔ.
570 2966 620 3058 iiij
635 2962 671 3037 d.
686 2964 850 3037 leuandis
863 2966 908 3037 de
922 2964 957 3038 la
971 2962 1252 3038 Muerhalhouls
1260 2976 1299 3038 et
1313 2969 1427 3041 crofta
1439 2968 1598 3042 eiusdem

256 3076 435 3149 soluendis
457 3078 504 3149 ad
530 3078 619 3149 duos
636 3079 721 3149 anni
739 3078 913 3148 terminos
929 3074 1182 3170 penthecostes
1199 3090 1237 3149 et
1253 3076 1364 3151 santii
1382 3078 1536 3154 Martini
1562 3086 1597 3155 in

256 3212 359 3284 yeme
376 3190 645 3283 imperpetuum
663 3187 878 3262 celebranda
896 3190 945 3283 xij
963 3192 1023 3261 die
1039 3185 1169 3261 mensrs
1186 3189 1398 3264 Decembris
1416 3234 1425 3251 ·

260 3413 433 3510 [Decimo
458 3410 562 3485 sexto
588 3412 761 3485 kalendas
779 3412 1004 3508 Septembris
1022 3416 1086 3488 fiet
1103 3418 1291 3488 annuatim
1316 3418 1599 3492 anniuersarium

258 3522 414 3621 magistri
429 3523 574 3597 Ricardi
588 3523 723 3597 Forbes
742 3526 869 3597 decani
887 3522 1147 3599 Abirdonensrs
1159 3528 1286 3621 dequo
1303 3534 1598 3604 commemoratio

258 3637 426 3709 videlicet
452 3638 516 3730 xiij
545 3638 576 3709 s.
604 3637 657 3731 iiij
684 3632 721 3707 d.
747 3636 911 3710 leuandis
937 3639 982 3711 de
1008 3640 1113 3711 terris
1138 3640 1183 3711 de
1209 3639 1408 3714 Inueroure
1430 3655 1537 3737 prout
1562 3647 1600 3715 in

257 3753 363 3823 cartis
380 3750 589 3821 continetur
605 3784 614 3804 ·

261 3972 435 4047 Venditio
469 3976 578 4046 annui
613 3974 776 4047 redditus
809 3976 895 4069 xviij
931 3978 961 4049 ἔ.
993 3976 1131 4050 venditi
1166 3978 1335 4075 magistro
1370 3979 1524 4053 Ricardo
1555 3937 1615 4055 de⁴

259 4085 553 4271 {prpp'serdssppuo
578 4082 828 4158 Aberdonensr
855 4112 920 4182 per
945 4088 1147 4162 Robertum
1170 4089 1369 4185 Blyndseill
1387 4092 1597 4189 burgensem

263 4422 420 4495 Donatio
445 4424 555 4495 annui
573 4422 735 4495 redditus
763 4425 848 4519 xviij
869 4427 1106 4499 §.annuatim
1131 4428 1224 4501 aaa
1240 4430 1434 4525 capellanis
1451 4376 1600 4506 ecclesie

260 4531 526 4607 Aberdonenfis
543 4558 609 4631 per
624 4532 833 4631 magistrum
852 4536 1049 4611 Ricardum
1068 4540 1114 4612 de
1132 4540 1267 4614 Forbes
1292 4544 1468 4617 decanum
1486 4545 1602 4618 Aber-
