4050 5534
226 2540 335 2641 Bulla
351 2543 553 2616 Alexandri
571 2544 671 2637 Papo
688 2568 753 2638 pro
771 2544 942 2616 fratribus
959 2543 1099 2615 Militie
1115 2542 1256 2638 Templi
1274 2585 1282 2600 ·

228 2746 452 2842 Alexander
466 2767 652 2866 episcopus
668 2767 793 2842 seruus
817 2770 1001 2842 seruorum
1021 2767 1092 2841 Dei
1117 2767 1381 2844 venerabilibus
1398 2769 1567 2843 iratribus

228 2878 499 2977 archiepiscopis
524 2892 564 2955 et
588 2879 763 2978 episcopis
788 2893 827 2954 et
843 2881 984 2954 dilectis
1001 2880 1085 2975 filiJs
1110 2882 1302 2954 abbatibus
1326 2883 1503 2977 prioribus
1529 2893 1567 2954 et

228 2991 307 3090 clijs
332 2990 563 3068 ecclesiarum
590 2993 739 3090 prelatis
755 2996 801 3068 ad
818 3018 907 3089 quos
924 2990 1110 3088 presentes
1127 2993 1233 3066 litere
1258 2995 1491 3088 peruenerint
1515 2995 1568 3068 sa-
1652 3021 1657 3034 ·

228 3105 343 3179 lutem
360 3116 400 3180 ct
416 3104 649 3202 apostolicam
660 3107 949 3181 benediscioncm
965 3145 974 3163 ·
992 3104 1086 3178 (lum
1104 3101 1277 3179 uniuersis
1287 3127 1381 3200 pene
1401 3106 1568 3180 fidelibus

229 3228 357 3292 uotum
370 3217 502 3294 existot
519 3221 616 3314 quod
629 3219 751 3292 diletti
765 3219 829 3315 filij
844 3221 973 3293 fratres
989 3219 1125 3291 milicie
1142 3218 1270 3313 templi
1286 3242 1352 3313 pro
1362 3217 1569 3294 defensioue

230 3333 412 3406 orientalis
439 3328 606 3414 ecclesiex
622 3332 762 3405 labores
787 3328 985 3404 sustineant
1011 3341 1051 3404 et
1080 3332 1260 3426 quomodo
1285 3329 1350 3403 soli
1376 3329 1568 3408 Christiani
1678 3333 1679 3338 ’

229 3448 383 3519 nominis
398 3446 555 3519 inimicis
579 3445 695 3518 crucis
711 3440 843 3516 curisti
867 3443 905 3516 se
928 3443 1021 3539 ipsos
1038 3453 1223 3539 opponant
1247 3445 1354 3517 decet
1370 3447 1570 3539 quemlibet

230 3555 471 3631 Christianum
487 3558 665 3653 predistos
678 3557 807 3630 fratres
823 3556 967 3652 speciali
984 3560 1136 3631 caritate
1153 3558 1302 3654 diligere
1318 3582 1360 3631 ac
1376 3555 1412 3630 se
1425 3569 1464 3632 et
1480 3560 1570 3636 alios

230 3669 440 3765 abipsorum
452 3666 626 3765 molestijs
639 3679 677 3742 et
690 3670 830 3763 iniurijs
843 3669 1011 3742 cohibere
1028 3711 1037 3728 ·
1057 3669 1150 3742 Inde
1167 3667 1220 3741 est
1237 3671 1334 3765 quod
1345 3669 1569 3747 uniuersitati

230 3779 344 3856 vestre
360 3778 536 3855 adinstar
559 3780 674 3855 felicis
690 3782 947 3854 recordationis
972 3781 1127 3876 Honorij
1146 3791 1185 3856 et
1208 3781 1417 3881 quoceucij
1444 3786 1570 3880 prede-

231 3891 450 3968 decessorum
465 3891 668 3968 nostrorum
686 3893 932 3966 Romanorum
948 3894 1162 3989 pontificum
1179 3920 1245 3991 per
1260 3892 1453 3992 apostolica
1469 3921 1571 3971 mau-

232 4009 357 4081 damus
375 4017 415 4080 et
430 4007 647 4101 precipimus
665 4008 835 4099 quatinus
859 4007 1084 4100 parochianis
1102 4005 1228 4080 vestris
1247 4006 1312 4082 sub
1329 4009 1570 4084 anathematis

232 4121 528 4194 interminatione
534 4120 672 4192 vocetis
682 4141 729 4190 ue
739 4114 1028 4214 poffeffionesvel
1039 4120 1202 4194 redditus
1212 4143 1335 4192 eorum
1348 4120 1406 4192 vel
1417 4145 1473 4195 res
1483 4123 1571 4198 alias

232 4233 410 4306 violenter
425 4232 566 4304 auferre
582 4230 641 4303 vel
659 4230 834 4303 alimenta
849 4233 1007 4304 retinere
1023 4230 1232 4328 presumant
1256 4232 1315 4305 vel
1333 4233 1420 4308 alias
1438 4235 1570 4310 eisdem

233 4349 388 4442 irrogare
404 4382 413 4401 ·
426 4344 467 4417 Si
480 4345 543 4438 qui
553 4367 639 4416 reru
651 4344 903 4439 prohibitionis
919 4345 1027 4417 huius
1045 4353 1275 4440 contemptor
1287 4346 1453 4420 extiterit
1463 4357 1502 4421 et
1518 4347 1571 4423 se-

233 4459 351 4532 cundo
368 4460 526 4532 tertioue
543 4459 784 4530 commonitus
801 4460 952 4530 minime
972 4453 1211 4552 resipiscuerit
1227 4455 1374 4552 quisque
1390 4461 1573 4554 parochia·

232 4594 320 4646 uum
338 4569 441 4646 suum
455 4571 601 4644 viuculo
614 4571 1000 4645 excommunicationis
1016 4567 1167 4666 stringat
1177 4579 1216 4644 et
1233 4573 1271 4644 iu
1283 4569 1372 4644 locis
1388 4574 1426 4645 in
1444 4575 1573 4668 quibus
