4050 5534
257 679 345 774 xm]
725 679 1130 755 ABERDONENSE.

258 993 370 1066 Carta
387 991 568 1066 Wiileimi
585 992 739 1066 Scherar
756 994 801 1066 de
817 1017 938 1066 annuo
954 996 1075 1067 reditu
1091 997 1240 1069 vendito
1258 1039 1266 1055 ·

258 1193 452 1294 Omnibus
467 1221 561 1291 hanc
578 1227 715 1292 cartam
732 1215 857 1290 visuris
868 1218 926 1290 vei
939 1221 1115 1293 audituris
1129 1221 1327 1294 Vilielmus
1345 1221 1498 1295 Scherar
1513 1225 1597 1297 bur·

256 1327 375 1428 geniis
392 1331 621 1404 deAberden
639 1372 672 1390 ··
692 1373 700 1390 ·
720 1331 852 1403 Sciatis
869 1355 929 1402 me
946 1370 978 1388 ··
996 1373 1004 1389 ·
1024 1329 1218 1405 vendidiise
1236 1358 1277 1407 ac
1295 1375 1303 1391 ·
1323 1373 1331 1392 ·
1350 1372 1358 1390 ·
1376 1334 1596 1410 confirmaise

257 1442 391 1517 uleuo
408 1453 446 1515 et
468 1442 611 1538 speciali
631 1465 713 1514 meo
735 1439 905 1538 magistro
921 1443 1060 1515 'l'bome
1078 1445 1265 1539 Ednayme
1290 1449 1463 1519 canonico
1480 1445 1598 1520 Aber-

257 1552 423 1628 donensrs
448 1552 597 1627 ecclesie
616 1577 726 1626 vuum
750 1577 910 1627 annuum
927 1557 1109 1628 redditum
1123 1557 1248 1628 decem
1266 1555 1459 1629 solidorum
1470 1559 1515 1631 de
1527 1560 1598 1632 illis

258 1669 398 1741 duabus
419 1671 548 1740 marcis
564 1669 654 1738 mibi
671 1669 803 1740 debitis
820 1671 1007 1740 annuatim
1030 1681 1070 1741 et
1091 1671 1309 1742 exeuntibus
1326 1671 1372 1742 de
1395 1681 1491 1744 terra
1514 1693 1596 1744 cum

256 1781 486 1876 pertinentijs
509 1803 616 1873 quam
647 1781 692 1850 de
725 1802 785 1851 me
810 1789 914 1850 tenet
938 1779 1124 1852 Johannes
1159 1780 1304 1853 Ricardi
1330 1783 1471 1854 iacente
1505 1785 1599 1857 infra

256 1894 394 1965 uicum
411 1893 565 1988 burgum
589 1895 628 1963 in
646 1892 683 1986 ly
700 1891 964 1986 Owerkyrkgat
981 1894 1079 1964 inter
1104 1901 1237 1964 terram
1255 1893 1407 1966 Roberti
1434 1893 1598 1969 Valence

257 2029 304 2078 ex
338 2015 441 2099 parte
476 2004 644 2076 orientali
678 2014 716 2076 et
749 2013 884 2076 terram
916 2003 1054 2075 Thome
1088 2003 1183 2076 Club
1215 2029 1262 2076 ex
1296 2014 1399 2098 parts
1434 2007 1599 2080 occiden-

256 2118 323 2191 tali
361 2140 426 2211 pro
463 2118 618 2210 quadam
658 2127 759 2189 certa
783 2114 922 2188 summa
963 2117 1116 2209 pecunie
1155 2138 1262 2208 quam
1296 2118 1394 2188 idem
1428 2115 1598 2213 magister

256 2230 412 2303 Thomas
437 2231 526 2301 mibi
546 2232 640 2301 bene
667 2239 705 2300 et
739 2228 896 2300 fideliter
920 2225 1148 2322 persoluebat
1175 2230 1213 2298 in
1242 2237 1410 2322 prompta
1443 2234 1598 2323 pecunia

255 2353 447 2415 numerata
476 2383 484 2400 ·
513 2343 623 2415 Vnde
648 2343 731 2413 volo
748 2351 787 2414 et
811 2342 970 2413 concedo
995 2362 1061 2433 pro
1077 2362 1138 2411 me
1161 2349 1199 2410 et
1217 2340 1409 2412 heredibus
1430 2366 1472 2414 ac
1498 2339 1597 2439 affig-

256 2458 352 2529 natis
377 2458 468 2527 meis
484 2456 580 2548 quod
604 2455 719 2526 dictus
744 2475 886 2525 annuns
908 2453 1072 2524 redditus
1096 2453 1223 2524 decem
1248 2450 1441 2524 solidorum
1467 2453 1598 2527 riualis

254 2576 403 2639 monete
426 2567 552 2638 Scocie
574 2561 620 2638 fit
642 2567 778 2660 primus
796 2574 834 2636 et
851 2567 1037 2658 proximus
1057 2565 1103 2636 de
1123 2565 1235 2636 fundo
1260 2564 1355 2635 diue
1378 2573 1473 2638 terre
1498 2564 1597 2638 saluo

254 2677 405 2752 seruicio
423 2678 534 2774 Regis
550 2715 559 2734 ·
574 2717 582 2736 ·
595 2715 604 2736 ·
618 2675 663 2749 In
681 2680 783 2749 cuius
800 2679 851 2749 rei
865 2675 1113 2749 testimonium
1131 2672 1286 2771 sigillum
1300 2699 1421 2748 meum
1440 2675 1598 2771 presenti

254 2801 355 2865 carte
371 2813 452 2862 mee
470 2789 523 2862 est
541 2788 735 2883 appensum
752 2799 791 2861 et
808 2790 854 2860 ad
876 2791 1048 2861 maiorem
1066 2789 1172 2859 huius
1188 2789 1240 2859 rei
1259 2789 1483 2861 euidenciam
1505 2787 1598 2886 sigil-

255 2903 333 2976 ium
351 2925 543 2976 commune
560 2903 646 2973 dicti
662 2902 767 2996 burgi
785 2902 830 2973 de
847 2899 1044 2972 Aberdene
1067 2921 1138 2971 vna
1162 2923 1243 2970 eum
1263 2895 1377 2994 sigillo
1395 2901 1597 2976 Alexandri

255 3012 462 3112 Biyndeseil
479 3017 585 3086 vnins
602 3013 819 3086 bellinorum
843 3010 1001 3084 eiusdem
1018 3013 1122 3106 burgi
1140 3035 1181 3083 ac
1200 3012 1334 3082 datoris
1359 3010 1485 3085 saifine
1501 3015 1596 3086 diuo

254 3125 423 3224 magistro
439 3127 578 3197 Thome
595 3125 641 3197 de
656 3126 817 3219 prediito
830 3148 950 3195 annuo
964 3124 1109 3195 redditu
1122 3146 1205 3195 cum
1218 3126 1449 3217 pertinentijs
1465 3129 1595 3219 apponi

255 3242 368 3312 etiam
384 3237 608 3335 presentibus
628 3261 712 3310 cum
734 3234 905 3308 instantia
924 3239 1113 3330 procuraui
1131 3277 1139 3293 ·
1158 3235 1271 3328 Apud
1288 3237 1425 3308 ditium
1441 3238 1596 3332 burgum

255 3349 424 3425 vicesimo
441 3353 500 3423 die
516 3347 647 3422 mensis
663 3349 825 3442 Januarij
851 3373 946 3420 anno
970 3347 1119 3420 Domini
1142 3369 1285 3420 mcccc.
1304 3347 1596 3446 quinquagesimo

255 3466 372 3559 primo
384 3504 394 3521 ·
406 3461 570 3536 'festibus
580 3463 605 3534 J
607 3463 749 3534 ohanne
762 3462 807 3533 de
822 3459 908 3555 Fyff
914 3472 1002 3532 tunc
1019 3456 1196 3554 preposito
1210 3501 1218 3517 ·
1230 3459 1396 3534 Gilberto
1410 3461 1571 3557 Men3eis
1585 3505 1594 3522 ·

255 3573 426 3650 Jcbanne
443 3579 488 3649 de
507 3575 616 3648 Mar·
633 3573 802 3647 Jobanne
820 3573 964 3669 Scrogis
983 3573 1059 3644 filio
1076 3614 1085 3631 ·
1104 3572 1282 3645 Duncano
1299 3573 1345 3645 de
1362 3573 1470 3648 Clat-

257 3913 438 3986 Fundatio
463 3911 585 3984 altaris
605 3909 730 3982 Trium
759 3909 905 4005 Regum
921 3909 1014 3981 infra
1040 3906 1225 3980 ecclesiam
1250 3909 1490 4003 parochialem
1519 3913 1594 3984 diui

255 4023 427 4100 Nicbolai
452 4026 497 4096 de
521 4023 708 4096 Abirdene
732 4046 798 4117 per
820 4021 1019 4094 Patricium
1045 4018 1162 4093 Lessie
1186 4017 1401 4118 burgensem
1419 4023 1464 4093 de
1486 4021 1596 4095 Abir-

254 4141 348 4212 dene
365 4139 506 4210 fundati
524 4178 533 4194 ·

256 4339 448 4440 Omnibus
463 4362 558 4433 banc
575 4367 712 4432 cartam
728 4356 854 4432 visuris
871 4359 930 4430 vei
946 4358 1124 4431 audituris
1149 4355 1328 4429 Patricius
1346 4355 1463 4430 Lessie
1480 4358 1596 4433 senior

254 4471 439 4572 burgensis
455 4475 560 4569 burgi
578 4472 624 4544 de
640 4470 828 4545 Abirdene
845 4467 998 4544 salutem
1014 4506 1023 4524 ·
1040 4505 1050 4526 ·
1068 4510 1076 4527 ·
1092 4469 1282 4541 Noueritis
1299 4494 1359 4542 me
1373 4473 1410 4542 in
1424 4495 1595 4568 augmen·

255 4601 335 4664 tum
351 4588 466 4658 diuini
478 4585 599 4659 cultus
611 4583 787 4658 honorem
803 4583 875 4658 Dei
889 4584 1152 4676 omnipotentis
1168 4583 1275 4655 beate
1302 4585 1450 4680 virginis
1476 4585 1596 4661 Maris

304 4720 389 4773 von.
407 4719 449 4774 11.
946 4701 1010 4767 21>
