4050 5534
438 684 546 779 xva]
912 687 1316 763 ABERDONENSE.
1718 689 1784 755 ltl
1887 791 1889 806 ,

431 881 591 958 ecclelia
608 887 740 959 habeat
757 889 847 959 duas
864 889 1032 961 candelas
1050 912 1171 961 cereas
1191 883 1359 960 honestas
1375 889 1421 961 ad
1438 888 1638 959 matutinas
1654 897 1693 957 et
1710 883 1786 954 ves-

428 1020 547 1090 peras
564 1000 732 1072 omnibus
749 1001 877 1073 diebus
892 998 1114 1074 solemnibus
1132 1043 1139 1058 ·

423 1221 543 1295 Item
561 1225 607 1295 ad
623 1225 845 1298 obuiandum
862 1221 1122 1298 contrauerlias
1145 1250 1215 1319 que
1242 1229 1326 1298 oriri
1347 1227 1486 1300 soleant
1510 1231 1605 1300 circa
1621 1221 1786 1296 distribu-

420 1338 582 1408 tionem
611 1360 804 1430 capparum
829 1339 868 1408 in
893 1334 1172 1432 proceffionibus
1188 1338 1408 1412 solemnibus
1425 1339 1553 1413 statuit
1570 1341 1666 1410 idem
1685 1359 1787 1408 reue-

418 1450 579 1521 rendus
604 1462 708 1543 pater
724 1451 770 1522 de
787 1449 959 1523 consensu
986 1452 1071 1522 disci
1099 1447 1151 1522 sui
1178 1452 1327 1545 capituli
1353 1455 1451 1545 quod
1478 1454 1649 1544 deinceps
1674 1472 1787 1543 cappe

414 1563 558 1657 magis
576 1560 733 1655 preciose
751 1560 1012 1646 distribuantur
1029 1566 1209 1662 canonicis
1232 1561 1430 1637 senioribus
1447 1563 1644 1636 secundum
1662 1583 1786 1634 eorum

412 1676 589 1746 ordines
614 1683 653 1746 et
678 1675 875 1770 dignitates
900 1672 966 1746 nisa
991 1675 1122 1768 aliquis
1146 1678 1341 1748 canonicus
1368 1674 1439 1750 suis
1463 1676 1665 1771 sumptibus
1690 1698 1787 1746 com-

410 1789 627 1882 parauerit
642 1810 795 1882 cappam
812 1812 882 1881 quo
901 1788 983 1860 casu
1001 1797 1125 1859 utatur
1141 1788 1205 1860 ille
1222 1791 1416 1861 canonicus
1433 1800 1496 1862 aut
1513 1787 1596 1860 suus
1614 1777 1786 1858 successor

409 1896 649 1972 huiusmodi
666 1922 779 1994 cappa
796 1898 821 1971 sr
841 1899 986 1995 presens
1002 1901 1113 1972 suerit
1131 1910 1169 1972 et
1186 1902 1314 1974 eadem
1332 1904 1385 1971 vti
1403 1902 1558 1973 voluerit
1577 1945 1585 1961 ·

410 2125 540 2196 Item
559 2124 656 2215 quod
673 2120 779 2217 super
803 2121 1050 2197 excrescentia
1076 2135 1114 2196 et
1139 2122 1235 2196 resta
1261 2121 1447 2198 stallorum
1472 2135 1511 2198 et
1539 2125 1724 2198 facultatis
1748 2127 1787 2196 in

410 2258 742 2330 quorumcunque
759 2237 925 2308 manibus
942 2233 1014 2308 sant
1034 2238 1256 2330 recipiantur
1273 2261 1337 2332 per
1354 2240 1444 2310 duos
1461 2239 1652 2310 canonicos
1670 2235 1788 2333 fingu-

415 2349 477 2420 lis
498 2350 612 2420 annis
627 2371 693 2441 per
716 2343 958 2442 presidentem
987 2359 1026 2420 et
1053 2349 1254 2442 capitulum
1283 2350 1467 2445 eligendos
1485 2352 1523 2420 in
1539 2347 1601 2421 suo
1627 2350 1788 2445 capitulo

427 2459 606 2556 generali
639 2461 736 2552 quod
768 2449 864 2556 ‘pransi
898 2460 997 2534 modo
1027 2446 1160 2532 dicitur
1189 2464 1250 2554 qui
1277 2465 1442 2534 aradam
1469 2463 1696 2558 diligentiam
1722 2487 1787 2557 pro

434 2569 538 2644 resta
554 2573 651 2644 dite
667 2571 852 2644 facultatis
868 2573 1097 2666 importanda
1114 2574 1250 2646 faciant
1267 2583 1305 2645 et
1321 2577 1501 2652 rationem
1519 2583 1557 2646 et
1575 2575 1788 2668 computum

441 2686 488 2784 de
514 2686 674 2779 receptis
698 2687 738 2756 in
764 2685 860 2755 dicto
886 2685 1047 2779 capitulo
1068 2679 1257 2759 reddant·
1285 2695 1323 2758 et
1347 2711 1413 2781 pro
1439 2711 1534 2759 anno
1560 2683 1707 2768 instanti
1726 2687 1790 2758 eli-

440 2806 583 2891 guntur
599 2796 824 2869 venerabiles
842 2800 908 2868 viri
926 2795 1085 2893 magistri
1109 2797 1268 2870 Jacobus
1287 2798 1456 2871 Wauane
1473 2798 1592 2872 rector
1609 2801 1654 2871 de
1672 2799 1788 2875 Owne

440 2917 481 2979 ct
497 2905 672 3006 magister
688 2903 900 2982 Alexander
918 2909 1003 3004 Kyd
1027 2906 1218 2983 succentor
1234 2953 1242 2976 ·,
1618 2891 1622 2900 ⁸

436 3127 541 3206 Item
563 3135 659 3227 quod
678 3136 907 3230 cymiterium
924 3158 971 3206 ex
988 3144 1093 3228 parte
1110 3132 1256 3207 australi
1273 3160 1296 3207 a
1312 3135 1447 3228 palatio
1465 3136 1602 3207 domini
1619 3138 1657 3207 in
1675 3160 1788 3230 quan-

432 3246 521 3315 tum
540 3269 617 3318 non
635 3243 854 3317 construitur
870 3243 979 3339 Vsque
997 3249 1042 3319 ad
1060 3243 1182 3319 stilum
1207 3247 1394 3342 publicum
1411 3243 1638 3320 construatur
1654 3250 1693 3319 in
1710 3248 1789 3324 loco

418 3363 511 3461 (⁰¹²⁰
531 3382 630 3430 nunc
648 3353 809 3460 signatur
825 3382 980 3431 unacum
997 3360 1120 3454 platea
1136 3361 1255 3431 eidem
1273 3360 1462 3431 adiacente
1481 3359 1681 3454 sumptibus
1694 3364 1790 3455 capi..

359 3469 480 3623 sps!
540 3512 549 3528 ·
577 3481 616 3542 et
639 3471 709 3542 hoc
736 3467 859 3571 statim
882 3472 1088 3565 incipiendo
1113 3469 1330 3544 infecunda
1355 3469 1549 3566 feria'post
1567 3475 1788 3546 dominicum
1852 3557 1858 3576 ἢ

327 3585 622 3774 jstitatis
639 3586 873 3678 proximum·

317 3722 331 3782 s

861 3803 1329 3890 Wmuannus'nmscopus
1354 3807 1655 3884 Annanoaansrs
1680 3807 1737 3881 ff,
