<?xml version="1.0" encoding="UTF-8"?>
<!DOCTYPE html PUBLIC "-//W3C//DTD XHTML 1.0 Transitional//EN"
    "http://www.w3.org/TR/xhtml1/DTD/xhtml1-transitional.dtd">
<html xmlns="http://www.w3.org/1999/xhtml" xml:lang="en" lang="en">
 <head>
  <title>
</title>
<meta http-equiv="Content-Type" content="text/html;charset=utf-8" />
  <meta name='ocr-system' content='tesseract 3.04.00' />
  <meta name='ocr-capabilities' content='ocr_page ocr_carea ocr_par ocr_line ocrx_word'/>
</head>
<body>
  <div class='ocr_page' id='page_1' title='image "./registrumepisco02innegoog_0104.png"; bbox 0 0 4050 5534; ppageno 0'>
   <div class='ocr_carea' id='block_1_1' title="bbox 358 659 1705 758">
    <p class='ocr_par' dir='ltr' id='par_1_1' title="bbox 358 659 1705 758">
     <span class='ocr_line' id='line_1_1' title="bbox 358 659 1705 758; baseline 0 -22"><span class='ocrx_word' id='word_1_1' title='bbox 358 669 405 736; x_wconf 76' lang='lat'>44</span> <span class='ocrx_word' id='word_1_2' title='bbox 877 659 1186 735; x_wconf 79' lang='lat' dir='ltr'><strong>REGISTRUM</strong></span> <span class='ocrx_word' id='word_1_3' title='bbox 1552 663 1705 758; x_wconf 82' lang='lat' dir='ltr'>[snccnr</span> 
     </span>
    </p>
   </div>
   <div class='ocr_carea' id='block_1_2' title="bbox 69 857 1702 953">
    <p class='ocr_par' dir='ltr' id='par_1_2' title="bbox 69 857 1702 953">
     <span class='ocr_line' id='line_1_2' title="bbox 69 857 1702 953; baseline 0.001 -20"><span class='ocrx_word' id='word_1_4' title='bbox 69 883 322 945; x_wconf 63' lang='lat' dir='ltr'>minuetum</span> <span class='ocrx_word' id='word_1_5' title='bbox 358 864 395 932; x_wconf 91' lang='lat' dir='ltr'>in</span> <span class='ocrx_word' id='word_1_6' title='bbox 414 859 563 933; x_wconf 78' lang='lat' dir='ltr'>ecclesia</span> <span class='ocrx_word' id='word_1_7' title='bbox 587 857 785 933; x_wconf 83' lang='lat' dir='ltr'>residentes</span> <span class='ocrx_word' id='word_1_8' title='bbox 803 859 967 932; x_wconf 90' lang='lat' dir='ltr'>diuinum</span> <span class='ocrx_word' id='word_1_9' title='bbox 991 861 1147 931; x_wconf 88' lang='lat' dir='ltr'>officium</span> <span class='ocrx_word' id='word_1_10' title='bbox 1174 858 1426 953; x_wconf 87' lang='lat' dir='ltr'>adimplebunt</span> <span class='ocrx_word' id='word_1_11' title='bbox 1443 903 1453 918; x_wconf 89' lang='lat'><strong>·</strong></span> <span class='ocrx_word' id='word_1_12' title='bbox 1472 859 1555 932; x_wconf 89' lang='lat' dir='ltr'>Hoc</span> <span class='ocrx_word' id='word_1_13' title='bbox 1580 875 1702 934; x_wconf 89' lang='lat' dir='ltr'>antem</span> 
     </span>
    </p>
   </div>
   <div class='ocr_carea' id='block_1_3' title="bbox 71 1313 261 1434">
    <p class='ocr_par' dir='ltr' id='par_1_3' title="bbox 71 1313 261 1434">
     <span class='ocr_line' id='line_1_3' title="bbox 71 1313 261 1368; baseline 0 0"><span class='ocrx_word' id='word_1_14' title='bbox 71 1313 221 1368; x_wconf 71' lang='lat' dir='ltr'>dcuttrur</span> <span class='ocrx_word' id='word_1_15' title='bbox 233 1316 261 1368; x_wconf 80' lang='lat' dir='ltr'>ct</span> 
     </span>
     <span class='ocr_line' id='line_1_4' title="bbox 72 1378 229 1434; baseline 0 -2"><span class='ocrx_word' id='word_1_16' title='bbox 72 1378 229 1434; x_wconf 72' lang='lat' dir='ltr'>bruttium</span> 
     </span>
    </p>
   </div>
   <div class='ocr_carea' id='block_1_4' title="bbox 72 1643 289 1706">
    <p class='ocr_par' dir='ltr' id='par_1_4' title="bbox 72 1643 289 1706">
     <span class='ocr_line' id='line_1_5' title="bbox 72 1643 289 1706; baseline 0 -10"><span class='ocrx_word' id='word_1_17' title='bbox 72 1643 289 1706; x_wconf 54' lang='lat' dir='ltr'>burrcrtrtrun</span> 
     </span>
    </p>
   </div>
   <div class='ocr_carea' id='block_1_5' title="bbox 74 2990 304 3059">
    <p class='ocr_par' dir='ltr' id='par_1_5' title="bbox 74 2990 304 3059">
     <span class='ocr_line' id='line_1_6' title="bbox 74 2990 304 3059; baseline 0.009 -13"><span class='ocrx_word' id='word_1_18' title='bbox 74 2990 166 3058; x_wconf 54' lang='lat' dir='ltr'>§ucri</span> <span class='ocrx_word' id='word_1_19' title='bbox 178 2993 208 3048; x_wconf 85' lang='lat' dir='ltr'>in</span> <span class='ocrx_word' id='word_1_20' title='bbox 220 2991 304 3059; x_wconf 80' lang='lat' dir='ltr'>rbcrc</span> 
     </span>
    </p>
   </div>
   <div class='ocr_carea' id='block_1_6' title="bbox 75 4293 203 4350">
    <p class='ocr_par' dir='ltr' id='par_1_6' title="bbox 75 4293 203 4350">
     <span class='ocr_line' id='line_1_7' title="bbox 75 4293 203 4350; baseline 0 -2"><span class='ocrx_word' id='word_1_21' title='bbox 75 4293 203 4350; x_wconf 66' lang='lat' dir='ltr'>rudicula</span> 
     </span>
    </p>
   </div>
   <div class='ocr_carea' id='block_1_7' title="bbox 359 967 1707 2494">
    <p class='ocr_par' dir='ltr' id='par_1_7' title="bbox 359 967 1707 2494">
     <span class='ocr_line' id='line_1_8' title="bbox 359 967 1704 1064; baseline 0.003 -22"><span class='ocrx_word' id='word_1_22' title='bbox 359 971 543 1045; x_wconf 89' lang='lat' dir='ltr'>sciendum</span> <span class='ocrx_word' id='word_1_23' title='bbox 563 969 728 1064; x_wconf 89' lang='lat' dir='ltr'>estquod</span> <span class='ocrx_word' id='word_1_24' title='bbox 747 973 783 1042; x_wconf 94' lang='lat' dir='ltr'>in</span> <span class='ocrx_word' id='word_1_25' title='bbox 802 973 969 1044; x_wconf 89' lang='lat' dir='ltr'>omnibus</span> <span class='ocrx_word' id='word_1_26' title='bbox 995 967 1094 1042; x_wconf 89' lang='lat' dir='ltr'>sestis</span> <span class='ocrx_word' id='word_1_27' title='bbox 1111 970 1316 1064; x_wconf 80' lang='lat' dir='ltr'><strong>duplicibus</strong></span> <span class='ocrx_word' id='word_1_28' title='bbox 1340 972 1455 1042; x_wconf 87' lang='lat' dir='ltr'>totius</span> <span class='ocrx_word' id='word_1_29' title='bbox 1479 974 1566 1042; x_wconf 87' lang='lat' dir='ltr'>anni</span> <span class='ocrx_word' id='word_1_30' title='bbox 1583 969 1611 1044; x_wconf 83' lang='lat' dir='ltr'>fi</span> <span class='ocrx_word' id='word_1_31' title='bbox 1627 973 1704 1046; x_wconf 86' lang='lat' dir='ltr'>fieri</span> 
     </span>
     <span class='ocr_line' id='line_1_9' title="bbox 360 1079 1705 1178; baseline 0.001 -23"><span class='ocrx_word' id='word_1_32' title='bbox 360 1081 477 1178; x_wconf 86' lang='lat' dir='ltr'>potest</span> <span class='ocrx_word' id='word_1_33' title='bbox 495 1085 630 1156; x_wconf 92' lang='lat' dir='ltr'>debent</span> <span class='ocrx_word' id='word_1_34' title='bbox 653 1084 816 1156; x_wconf 86' lang='lat' dir='ltr'>canonici</span> <span class='ocrx_word' id='word_1_35' title='bbox 841 1079 910 1155; x_wconf 86' lang='lat' dir='ltr'>esse</span> <span class='ocrx_word' id='word_1_36' title='bbox 933 1081 1086 1154; x_wconf 89' lang='lat' dir='ltr'>ministri</span> <span class='ocrx_word' id='word_1_37' title='bbox 1108 1082 1233 1154; x_wconf 87' lang='lat' dir='ltr'>altaris</span> <span class='ocrx_word' id='word_1_38' title='bbox 1257 1082 1465 1175; x_wconf 88' lang='lat' dir='ltr'>principalis</span> <span class='ocrx_word' id='word_1_39' title='bbox 1485 1095 1524 1154; x_wconf 92' lang='lat' dir='ltr'>et</span> <span class='ocrx_word' id='word_1_40' title='bbox 1546 1088 1705 1156; x_wconf 85' lang='lat' dir='ltr'>maxime</span> 
     </span>
     <span class='ocr_line' id='line_1_10' title="bbox 360 1195 1705 1289; baseline 0.001 -22"><span class='ocrx_word' id='word_1_41' title='bbox 360 1197 504 1288; x_wconf 90' lang='lat' dir='ltr'>quando</span> <span class='ocrx_word' id='word_1_42' title='bbox 534 1195 720 1289; x_wconf 88' lang='lat' dir='ltr'>episcopus</span> <span class='ocrx_word' id='word_1_43' title='bbox 750 1195 910 1267; x_wconf 80' lang='lat' dir='ltr'>celebrat</span> <span class='ocrx_word' id='word_1_44' title='bbox 937 1237 945 1256; x_wconf 92' lang='lat'><strong>·</strong></span> <span class='ocrx_word' id='word_1_45' title='bbox 972 1195 1018 1266; x_wconf 91' lang='lat' dir='ltr'>ad</span> <span class='ocrx_word' id='word_1_46' title='bbox 1048 1195 1225 1266; x_wconf 89' lang='lat' dir='ltr'>decanum</span> <span class='ocrx_word' id='word_1_47' title='bbox 1253 1217 1339 1264; x_wconf 83' lang='lat' dir='ltr'>roro</span> <span class='ocrx_word' id='word_1_48' title='bbox 1368 1197 1528 1286; x_wconf 80' lang='lat' dir='ltr'>pertinet</span> <span class='ocrx_word' id='word_1_49' title='bbox 1555 1195 1705 1268; x_wconf 84' lang='lat' dir='ltr'>absente</span> 
     </span>
     <span class='ocr_line' id='line_1_11' title="bbox 361 1305 1705 1402; baseline 0.001 -23"><span class='ocrx_word' id='word_1_50' title='bbox 361 1308 525 1402; x_wconf 85' lang='lat' dir='ltr'>episcopo</span> <span class='ocrx_word' id='word_1_51' title='bbox 551 1307 671 1378; x_wconf 88' lang='lat' dir='ltr'>dicere</span> <span class='ocrx_word' id='word_1_52' title='bbox 697 1326 913 1378; x_wconf 79' lang='lat' dir='ltr'>conrrrnon</span> <span class='ocrx_word' id='word_1_53' title='bbox 938 1305 984 1377; x_wconf 91' lang='lat' dir='ltr'>ad</span> <span class='ocrx_word' id='word_1_54' title='bbox 1009 1325 1313 1377; x_wconf 73' lang='lat' dir='ltr'>concasnomen</span> <span class='ocrx_word' id='word_1_55' title='bbox 1342 1317 1383 1376; x_wconf 87' lang='lat' dir='ltr'>et</span> <span class='ocrx_word' id='word_1_56' title='bbox 1411 1306 1459 1376; x_wconf 90' lang='lat' dir='ltr'>ad</span> <span class='ocrx_word' id='word_1_57' title='bbox 1490 1326 1641 1378; x_wconf 71' lang='lat' dir='ltr'>aarum</span> <span class='ocrx_word' id='word_1_58' title='bbox 1665 1321 1705 1380; x_wconf 88' lang='lat' dir='ltr'>et</span> 
     </span>
     <span class='ocr_line' id='line_1_12' title="bbox 361 1415 1704 1511; baseline 0.001 -22"><span class='ocrx_word' id='word_1_59' title='bbox 361 1421 446 1492; x_wconf 89' lang='lat' dir='ltr'>dare</span> <span class='ocrx_word' id='word_1_60' title='bbox 471 1420 740 1490; x_wconf 74' lang='lat' dir='ltr'>benedictiones</span> <span class='ocrx_word' id='word_1_61' title='bbox 760 1419 798 1488; x_wconf 93' lang='lat' dir='ltr'>in</span> <span class='ocrx_word' id='word_1_62' title='bbox 820 1417 1035 1488; x_wconf 75' lang='lat' dir='ltr'>ledionibus</span> <span class='ocrx_word' id='word_1_63' title='bbox 1062 1415 1224 1511; x_wconf 85' lang='lat' dir='ltr'>legendis</span> <span class='ocrx_word' id='word_1_64' title='bbox 1250 1427 1324 1488; x_wconf 89' lang='lat' dir='ltr'>tam</span> <span class='ocrx_word' id='word_1_65' title='bbox 1343 1419 1381 1486; x_wconf 92' lang='lat' dir='ltr'>in</span> <span class='ocrx_word' id='word_1_66' title='bbox 1398 1417 1507 1487; x_wconf 88' lang='lat' dir='ltr'>choro</span> <span class='ocrx_word' id='word_1_67' title='bbox 1533 1442 1642 1510; x_wconf 90' lang='lat' dir='ltr'>qnam</span> <span class='ocrx_word' id='word_1_68' title='bbox 1667 1423 1704 1490; x_wconf 91' lang='lat' dir='ltr'>in</span> 
     </span>
     <span class='ocr_line' id='line_1_13' title="bbox 361 1524 1706 1624; baseline 0 -22"><span class='ocrx_word' id='word_1_69' title='bbox 361 1530 521 1624; x_wconf 91' lang='lat' dir='ltr'>capitulo</span> <span class='ocrx_word' id='word_1_70' title='bbox 538 1569 546 1586; x_wconf 91' lang='lat'><strong>·</strong></span> <span class='ocrx_word' id='word_1_71' title='bbox 565 1531 603 1601; x_wconf 92' lang='lat' dir='ltr'>in</span> <span class='ocrx_word' id='word_1_72' title='bbox 626 1524 792 1602; x_wconf 77' lang='lat' dir='ltr'>absencia</span> <span class='ocrx_word' id='word_1_73' title='bbox 807 1551 893 1600; x_wconf 81' lang='lat' dir='ltr'>vero</span> <span class='ocrx_word' id='word_1_74' title='bbox 918 1526 1074 1620; x_wconf 82' lang='lat' dir='ltr'>episcopi</span> <span class='ocrx_word' id='word_1_75' title='bbox 1097 1539 1136 1600; x_wconf 86' lang='lat' dir='ltr'>et</span> <span class='ocrx_word' id='word_1_76' title='bbox 1154 1529 1280 1600; x_wconf 89' lang='lat' dir='ltr'>decani</span> <span class='ocrx_word' id='word_1_77' title='bbox 1301 1525 1466 1600; x_wconf 76' lang='lat' dir='ltr'>sacerdos</span> <span class='ocrx_word' id='word_1_78' title='bbox 1490 1531 1706 1602; x_wconf 90' lang='lat' dir='ltr'>ebdomeda-</span> 
     </span>
     <span class='ocr_line' id='line_1_14' title="bbox 360 1637 1707 1732; baseline 0 -19"><span class='ocrx_word' id='word_1_79' title='bbox 360 1645 433 1714; x_wconf 84' lang='lat' dir='ltr'>rius</span> <span class='ocrx_word' id='word_1_80' title='bbox 451 1641 540 1712; x_wconf 91' lang='lat' dir='ltr'>illud</span> <span class='ocrx_word' id='word_1_81' title='bbox 555 1642 712 1712; x_wconf 89' lang='lat' dir='ltr'>officium</span> <span class='ocrx_word' id='word_1_82' title='bbox 730 1651 954 1732; x_wconf 86' lang='lat' dir='ltr'>exequatur·</span> <span class='ocrx_word' id='word_1_83' title='bbox 968 1637 1099 1710; x_wconf 91' lang='lat' dir='ltr'>Honor</span> <span class='ocrx_word' id='word_1_84' title='bbox 1114 1650 1239 1712; x_wconf 88' lang='lat' dir='ltr'>autem</span> <span class='ocrx_word' id='word_1_85' title='bbox 1253 1649 1292 1710; x_wconf 93' lang='lat' dir='ltr'>et</span> <span class='ocrx_word' id='word_1_86' title='bbox 1304 1643 1515 1712; x_wconf 88' lang='lat' dir='ltr'>reuerencia</span> <span class='ocrx_word' id='word_1_87' title='bbox 1526 1641 1707 1713; x_wconf 83' lang='lat' dir='ltr'>debentur</span> 
     </span>
     <span class='ocr_line' id='line_1_15' title="bbox 361 1748 1705 1847; baseline -0.001 -22"><span class='ocrx_word' id='word_1_88' title='bbox 361 1754 497 1825; x_wconf 89' lang='lat' dir='ltr'>decano</span> <span class='ocrx_word' id='word_1_89' title='bbox 522 1753 559 1822; x_wconf 93' lang='lat' dir='ltr'>in</span> <span class='ocrx_word' id='word_1_90' title='bbox 586 1753 655 1845; x_wconf 87' lang='lat' dir='ltr'>hijs</span> <span class='ocrx_word' id='word_1_91' title='bbox 680 1775 751 1844; x_wconf 91' lang='lat' dir='ltr'>que</span> <span class='ocrx_word' id='word_1_92' title='bbox 777 1748 1073 1844; x_wconf 83' lang='lat' dir='ltr'>subiunguntur·</span> <span class='ocrx_word' id='word_1_93' title='bbox 1099 1764 1138 1823; x_wconf 87' lang='lat' dir='ltr'>vt</span> <span class='ocrx_word' id='word_1_94' title='bbox 1163 1773 1291 1824; x_wconf 91' lang='lat' dir='ltr'>omnes</span> <span class='ocrx_word' id='word_1_95' title='bbox 1316 1761 1393 1822; x_wconf 90' lang='lat' dir='ltr'>tam</span> <span class='ocrx_word' id='word_1_96' title='bbox 1417 1755 1572 1825; x_wconf 90' lang='lat' dir='ltr'>maiores</span> <span class='ocrx_word' id='word_1_97' title='bbox 1597 1776 1705 1847; x_wconf 91' lang='lat' dir='ltr'>quam</span> 
     </span>
     <span class='ocr_line' id='line_1_16' title="bbox 360 1859 1706 1959; baseline 0.001 -25"><span class='ocrx_word' id='word_1_98' title='bbox 360 1867 516 1935; x_wconf 86' lang='lat' dir='ltr'>minores</span> <span class='ocrx_word' id='word_1_99' title='bbox 533 1864 630 1934; x_wconf 89' lang='lat' dir='ltr'>chori</span> <span class='ocrx_word' id='word_1_100' title='bbox 649 1886 695 1933; x_wconf 88' lang='lat' dir='ltr'>ex</span> <span class='ocrx_word' id='word_1_101' title='bbox 713 1862 928 1934; x_wconf 88' lang='lat' dir='ltr'>occidentali</span> <span class='ocrx_word' id='word_1_102' title='bbox 954 1873 1057 1955; x_wconf 89' lang='lat' dir='ltr'>parte</span> <span class='ocrx_word' id='word_1_103' title='bbox 1075 1865 1112 1933; x_wconf 90' lang='lat' dir='ltr'>in</span> <span class='ocrx_word' id='word_1_104' title='bbox 1131 1859 1285 1958; x_wconf 79' lang='lat' dir='ltr'>ingressu</span> <span class='ocrx_word' id='word_1_105' title='bbox 1305 1874 1344 1935; x_wconf 91' lang='lat' dir='ltr'>et</span> <span class='ocrx_word' id='word_1_106' title='bbox 1361 1861 1498 1959; x_wconf 84' lang='lat' dir='ltr'>egressu</span> <span class='ocrx_word' id='word_1_107' title='bbox 1519 1865 1566 1936; x_wconf 90' lang='lat' dir='ltr'>ad</span> <span class='ocrx_word' id='word_1_108' title='bbox 1590 1864 1706 1959; x_wconf 90' lang='lat' dir='ltr'>ipsum</span> 
     </span>
     <span class='ocr_line' id='line_1_17' title="bbox 361 1970 1707 2068; baseline 0.001 -21"><span class='ocrx_word' id='word_1_109' title='bbox 361 1979 398 2047; x_wconf 93' lang='lat' dir='ltr'>in</span> <span class='ocrx_word' id='word_1_110' title='bbox 415 1972 519 2047; x_wconf 86' lang='lat' dir='ltr'>stallo</span> <span class='ocrx_word' id='word_1_111' title='bbox 536 1973 598 2046; x_wconf 91' lang='lat' dir='ltr'>suo</span> <span class='ocrx_word' id='word_1_112' title='bbox 616 1970 832 2045; x_wconf 86' lang='lat' dir='ltr'>existentem</span> <span class='ocrx_word' id='word_1_113' title='bbox 858 1973 1112 2046; x_wconf 91' lang='lat' dir='ltr'>inclinabunt·</span> <span class='ocrx_word' id='word_1_114' title='bbox 1130 1984 1296 2068; x_wconf 89' lang='lat' dir='ltr'>preterea</span> <span class='ocrx_word' id='word_1_115' title='bbox 1318 1976 1456 2046; x_wconf 89' lang='lat' dir='ltr'>decano</span> <span class='ocrx_word' id='word_1_116' title='bbox 1481 1977 1629 2048; x_wconf 91' lang='lat' dir='ltr'>chorum</span> <span class='ocrx_word' id='word_1_117' title='bbox 1648 1979 1707 2049; x_wconf 79' lang='lat' dir='ltr'>vel</span> 
     </span>
     <span class='ocr_line' id='line_1_18' title="bbox 361 2083 1707 2180; baseline 0.002 -22"><span class='ocrx_word' id='word_1_118' title='bbox 361 2086 559 2180; x_wconf 85' lang='lat' dir='ltr'>capitulum</span> <span class='ocrx_word' id='word_1_119' title='bbox 590 2087 740 2160; x_wconf 84' lang='lat' dir='ltr'>intranti</span> <span class='ocrx_word' id='word_1_120' title='bbox 772 2085 829 2156; x_wconf 84' lang='lat' dir='ltr'>vel</span> <span class='ocrx_word' id='word_1_121' title='bbox 864 2083 1055 2156; x_wconf 79' lang='lat' dir='ltr'>transitum</span> <span class='ocrx_word' id='word_1_122' title='bbox 1085 2086 1219 2156; x_wconf 87' lang='lat' dir='ltr'>ibidem</span> <span class='ocrx_word' id='word_1_123' title='bbox 1250 2087 1399 2158; x_wconf 80' lang='lat' dir='ltr'>facienti</span> <span class='ocrx_word' id='word_1_124' title='bbox 1429 2087 1551 2160; x_wconf 90' lang='lat' dir='ltr'>clerici</span> <span class='ocrx_word' id='word_1_125' title='bbox 1581 2113 1707 2162; x_wconf 86' lang='lat' dir='ltr'>omnes</span> 
     </span>
     <span class='ocr_line' id='line_1_19' title="bbox 361 2194 1707 2295; baseline 0.001 -24"><span class='ocrx_word' id='word_1_126' title='bbox 361 2209 534 2270; x_wconf 89' lang='lat' dir='ltr'>tenentur</span> <span class='ocrx_word' id='word_1_127' title='bbox 546 2194 723 2292; x_wconf 80' lang='lat' dir='ltr'>assurgere</span> <span class='ocrx_word' id='word_1_128' title='bbox 737 2237 745 2254; x_wconf 93' lang='lat'><strong>·</strong></span> <span class='ocrx_word' id='word_1_129' title='bbox 759 2198 938 2268; x_wconf 81' lang='lat' dir='ltr'>intrantes</span> <span class='ocrx_word' id='word_1_130' title='bbox 956 2207 1082 2268; x_wconf 87' lang='lat' dir='ltr'>autem</span> <span class='ocrx_word' id='word_1_131' title='bbox 1095 2198 1153 2268; x_wconf 84' lang='lat' dir='ltr'>vel</span> <span class='ocrx_word' id='word_1_132' title='bbox 1167 2209 1346 2270; x_wconf 84' lang='lat' dir='ltr'>exeuntes</span> <span class='ocrx_word' id='word_1_133' title='bbox 1358 2222 1405 2269; x_wconf 83' lang='lat' dir='ltr'>ex</span> <span class='ocrx_word' id='word_1_134' title='bbox 1418 2199 1586 2272; x_wconf 85' lang='lat' dir='ltr'>orientali</span> <span class='ocrx_word' id='word_1_135' title='bbox 1603 2213 1707 2295; x_wconf 89' lang='lat' dir='ltr'>parte</span> 
     </span>
     <span class='ocr_line' id='line_1_20' title="bbox 360 2306 1706 2404; baseline 0.001 -23"><span class='ocrx_word' id='word_1_136' title='bbox 360 2313 476 2404; x_wconf 91' lang='lat' dir='ltr'>primo</span> <span class='ocrx_word' id='word_1_137' title='bbox 502 2309 730 2381; x_wconf 85' lang='lat' dir='ltr'>inclinabunt</span> <span class='ocrx_word' id='word_1_138' title='bbox 747 2306 783 2379; x_wconf 93' lang='lat' dir='ltr'>se</span> <span class='ocrx_word' id='word_1_139' title='bbox 799 2309 846 2379; x_wconf 91' lang='lat' dir='ltr'>ad</span> <span class='ocrx_word' id='word_1_140' title='bbox 871 2308 1071 2402; x_wconf 86' lang='lat' dir='ltr'>principale</span> <span class='ocrx_word' id='word_1_141' title='bbox 1095 2309 1211 2382; x_wconf 88' lang='lat' dir='ltr'>altare</span> <span class='ocrx_word' id='word_1_142' title='bbox 1227 2320 1267 2382; x_wconf 89' lang='lat' dir='ltr'>et</span> <span class='ocrx_word' id='word_1_143' title='bbox 1289 2308 1519 2404; x_wconf 87' lang='lat' dir='ltr'>postmodum</span> <span class='ocrx_word' id='word_1_144' title='bbox 1544 2309 1706 2385; x_wconf 76' lang='lat' dir='ltr'>conuersi</span> 
     </span>
     <span class='ocr_line' id='line_1_21' title="bbox 361 2417 875 2494; baseline -0.006 -2"><span class='ocrx_word' id='word_1_145' title='bbox 361 2423 405 2493; x_wconf 91' lang='lat' dir='ltr'>ad</span> <span class='ocrx_word' id='word_1_146' title='bbox 424 2423 600 2494; x_wconf 87' lang='lat' dir='ltr'>decanum</span> <span class='ocrx_word' id='word_1_147' title='bbox 617 2417 653 2490; x_wconf 92' lang='lat' dir='ltr'>se</span> <span class='ocrx_word' id='word_1_148' title='bbox 671 2420 849 2492; x_wconf 87' lang='lat' dir='ltr'>inclinent</span> <span class='ocrx_word' id='word_1_149' title='bbox 867 2459 875 2476; x_wconf 90' lang='lat'><strong>·</strong></span> 
     </span>
    </p>
   </div>
   <div class='ocr_carea' id='block_1_8' title="bbox 838 2644 1230 2718">
    <p class='ocr_par' dir='ltr' id='par_1_8' title="bbox 838 2644 1230 2718">
     <span class='ocr_line' id='line_1_22' title="bbox 838 2644 1230 2718; baseline -0.003 -2"><span class='ocrx_word' id='word_1_150' title='bbox 838 2644 896 2716; x_wconf 92' lang='lat' dir='ltr'>De</span> <span class='ocrx_word' id='word_1_151' title='bbox 913 2647 1030 2718; x_wconf 89' lang='lat' dir='ltr'>officio</span> <span class='ocrx_word' id='word_1_152' title='bbox 1047 2648 1204 2718; x_wconf 85' lang='lat' dir='ltr'>cantoris</span> <span class='ocrx_word' id='word_1_153' title='bbox 1222 2686 1230 2702; x_wconf 92' lang='lat'><strong>·</strong></span> 
     </span>
    </p>
   </div>
   <div class='ocr_carea' id='block_1_9' title="bbox 360 2865 1708 3633">
    <p class='ocr_par' dir='ltr' id='par_1_9' title="bbox 360 2865 1708 3633">
     <span class='ocr_line' id='line_1_23' title="bbox 363 2865 1706 2963; baseline -0.001 -19"><span class='ocrx_word' id='word_1_154' title='bbox 363 2872 532 2944; x_wconf 86' lang='lat' dir='ltr'>Officium</span> <span class='ocrx_word' id='word_1_155' title='bbox 555 2881 678 2942; x_wconf 87' lang='lat' dir='ltr'>autern</span> <span class='ocrx_word' id='word_1_156' title='bbox 702 2871 858 2941; x_wconf 86' lang='lat' dir='ltr'>cantoris</span> <span class='ocrx_word' id='word_1_157' title='bbox 876 2865 928 2941; x_wconf 92' lang='lat' dir='ltr'>est</span> <span class='ocrx_word' id='word_1_158' title='bbox 947 2872 984 2940; x_wconf 92' lang='lat' dir='ltr'>in</span> <span class='ocrx_word' id='word_1_159' title='bbox 1002 2883 1177 2941; x_wconf 86' lang='lat' dir='ltr'>cantuum</span> <span class='ocrx_word' id='word_1_160' title='bbox 1203 2868 1410 2940; x_wconf 89' lang='lat' dir='ltr'>eleuatione</span> <span class='ocrx_word' id='word_1_161' title='bbox 1431 2880 1469 2940; x_wconf 90' lang='lat' dir='ltr'>et</span> <span class='ocrx_word' id='word_1_162' title='bbox 1486 2865 1706 2963; x_wconf 76' lang='lat' dir='ltr'>depressione</span> 
     </span>
     <span class='ocr_line' id='line_1_24' title="bbox 362 2977 1708 3078; baseline -0.001 -23"><span class='ocrx_word' id='word_1_163' title='bbox 362 3007 485 3078; x_wconf 88' lang='lat' dir='ltr'>regere</span> <span class='ocrx_word' id='word_1_164' title='bbox 499 3022 507 3040; x_wconf 93' lang='lat'><strong>·</strong></span> <span class='ocrx_word' id='word_1_165' title='bbox 522 2984 566 3054; x_wconf 90' lang='lat' dir='ltr'>ad</span> <span class='ocrx_word' id='word_1_166' title='bbox 584 2982 689 3052; x_wconf 93' lang='lat' dir='ltr'>illum</span> <span class='ocrx_word' id='word_1_167' title='bbox 706 2983 866 3075; x_wconf 89' lang='lat' dir='ltr'>pertinet</span> <span class='ocrx_word' id='word_1_168' title='bbox 883 3003 1077 3074; x_wconf 89' lang='lat' dir='ltr'>puerorum</span> <span class='ocrx_word' id='word_1_169' title='bbox 1095 2983 1131 3051; x_wconf 94' lang='lat' dir='ltr'>in</span> <span class='ocrx_word' id='word_1_170' title='bbox 1146 2981 1256 3051; x_wconf 88' lang='lat' dir='ltr'>choro</span> <span class='ocrx_word' id='word_1_171' title='bbox 1272 2977 1457 3052; x_wconf 71' lang='lat' dir='ltr'>instrudcio</span> <span class='ocrx_word' id='word_1_172' title='bbox 1470 2990 1510 3053; x_wconf 89' lang='lat' dir='ltr'>et</span> <span class='ocrx_word' id='word_1_173' title='bbox 1522 2980 1708 3076; x_wconf 90' lang='lat' dir='ltr'>disciplina</span> 
     </span>
     <span class='ocr_line' id='line_1_25' title="bbox 361 3089 1707 3184; baseline -0.001 -18"><span class='ocrx_word' id='word_1_174' title='bbox 361 3107 399 3166; x_wconf 89' lang='lat' dir='ltr'>et</span> <span class='ocrx_word' id='word_1_175' title='bbox 418 3096 613 3166; x_wconf 89' lang='lat' dir='ltr'>eorundem</span> <span class='ocrx_word' id='word_1_176' title='bbox 631 3095 669 3163; x_wconf 93' lang='lat' dir='ltr'>in</span> <span class='ocrx_word' id='word_1_177' title='bbox 688 3093 797 3164; x_wconf 91' lang='lat' dir='ltr'>choro</span> <span class='ocrx_word' id='word_1_178' title='bbox 814 3089 975 3164; x_wconf 88' lang='lat' dir='ltr'>admilsro</span> <span class='ocrx_word' id='word_1_179' title='bbox 993 3100 1032 3162; x_wconf 87' lang='lat' dir='ltr'>et</span> <span class='ocrx_word' id='word_1_180' title='bbox 1049 3093 1231 3163; x_wconf 90' lang='lat' dir='ltr'>ordinacio</span> <span class='ocrx_word' id='word_1_181' title='bbox 1251 3132 1259 3148; x_wconf 92' lang='lat'><strong>·</strong></span> <span class='ocrx_word' id='word_1_182' title='bbox 1278 3103 1443 3184; x_wconf 87' lang='lat' dir='ltr'>preterea</span> <span class='ocrx_word' id='word_1_183' title='bbox 1458 3095 1496 3164; x_wconf 88' lang='lat' dir='ltr'>in</span> <span class='ocrx_word' id='word_1_184' title='bbox 1514 3093 1707 3166; x_wconf 89' lang='lat' dir='ltr'>maioribus</span> 
     </span>
     <span class='ocr_line' id='line_1_26' title="bbox 362 3198 1707 3301; baseline -0.001 -23"><span class='ocrx_word' id='word_1_185' title='bbox 362 3207 566 3301; x_wconf 84' lang='lat' dir='ltr'>duplicibus</span> <span class='ocrx_word' id='word_1_186' title='bbox 591 3203 690 3276; x_wconf 90' lang='lat' dir='ltr'>sestis</span> <span class='ocrx_word' id='word_1_187' title='bbox 716 3215 864 3276; x_wconf 91' lang='lat' dir='ltr'>tenetur</span> <span class='ocrx_word' id='word_1_188' title='bbox 889 3200 1127 3297; x_wconf 88' lang='lat' dir='ltr'>personaliter</span> <span class='ocrx_word' id='word_1_189' title='bbox 1152 3198 1319 3274; x_wconf 83' lang='lat' dir='ltr'>interesse</span> <span class='ocrx_word' id='word_1_190' title='bbox 1344 3205 1511 3298; x_wconf 84' lang='lat' dir='ltr'>regimini</span> <span class='ocrx_word' id='word_1_191' title='bbox 1536 3207 1635 3277; x_wconf 90' lang='lat' dir='ltr'>chori</span> <span class='ocrx_word' id='word_1_192' title='bbox 1661 3206 1707 3276; x_wconf 90' lang='lat' dir='ltr'>ad</span> 
     </span>
     <span class='ocr_line' id='line_1_27' title="bbox 362 3315 1706 3409; baseline 0 -21"><span class='ocrx_word' id='word_1_193' title='bbox 362 3315 498 3388; x_wconf 86' lang='lat' dir='ltr'>missam</span> <span class='ocrx_word' id='word_1_194' title='bbox 515 3339 598 3389; x_wconf 87' lang='lat' dir='ltr'>cum</span> <span class='ocrx_word' id='word_1_195' title='bbox 617 3317 747 3386; x_wconf 88' lang='lat' dir='ltr'>ceteris</span> <span class='ocrx_word' id='word_1_196' title='bbox 765 3315 964 3388; x_wconf 76' lang='lat' dir='ltr'>rebtoribus</span> <span class='ocrx_word' id='word_1_197' title='bbox 981 3316 1080 3387; x_wconf 88' lang='lat' dir='ltr'>chori</span> <span class='ocrx_word' id='word_1_198' title='bbox 1093 3353 1102 3370; x_wconf 91' lang='lat'><strong>·</strong></span> <span class='ocrx_word' id='word_1_199' title='bbox 1116 3324 1282 3408; x_wconf 88' lang='lat' dir='ltr'>preterea</span> <span class='ocrx_word' id='word_1_200' title='bbox 1297 3317 1335 3385; x_wconf 93' lang='lat' dir='ltr'>in</span> <span class='ocrx_word' id='word_1_201' title='bbox 1354 3319 1452 3386; x_wconf 92' lang='lat' dir='ltr'>omni</span> <span class='ocrx_word' id='word_1_202' title='bbox 1465 3317 1600 3409; x_wconf 89' lang='lat' dir='ltr'>duplici</span> <span class='ocrx_word' id='word_1_203' title='bbox 1617 3317 1706 3388; x_wconf 84' lang='lat' dir='ltr'>sesto</span> 
     </span>
     <span class='ocr_line' id='line_1_28' title="bbox 362 3427 1708 3522; baseline 0.002 -25"><span class='ocrx_word' id='word_1_204' title='bbox 362 3429 418 3500; x_wconf 89' lang='lat' dir='ltr'>vel</span> <span class='ocrx_word' id='word_1_205' title='bbox 434 3429 503 3500; x_wconf 89' lang='lat' dir='ltr'>alio</span> <span class='ocrx_word' id='word_1_206' title='bbox 515 3428 659 3520; x_wconf 91' lang='lat' dir='ltr'>quando</span> <span class='ocrx_word' id='word_1_207' title='bbox 670 3428 798 3498; x_wconf 89' lang='lat' dir='ltr'>chorus</span> <span class='ocrx_word' id='word_1_208' title='bbox 812 3430 950 3522; x_wconf 86' lang='lat' dir='ltr'>regitur</span> <span class='ocrx_word' id='word_1_209' title='bbox 964 3427 1187 3498; x_wconf 81' lang='lat' dir='ltr'>decentibus</span> <span class='ocrx_word' id='word_1_210' title='bbox 1200 3428 1430 3521; x_wconf 86' lang='lat' dir='ltr'>iniungendis</span> <span class='ocrx_word' id='word_1_211' title='bbox 1443 3438 1482 3500; x_wconf 92' lang='lat' dir='ltr'>et</span> <span class='ocrx_word' id='word_1_212' title='bbox 1495 3431 1708 3522; x_wconf 90' lang='lat' dir='ltr'>incipiendis</span> 
     </span>
     <span class='ocr_line' id='line_1_29' title="bbox 360 3536 1708 3633; baseline 0.001 -24"><span class='ocrx_word' id='word_1_213' title='bbox 360 3563 424 3633; x_wconf 88' lang='lat' dir='ltr'>per</span> <span class='ocrx_word' id='word_1_214' title='bbox 441 3537 477 3611; x_wconf 92' lang='lat' dir='ltr'>se</span> <span class='ocrx_word' id='word_1_215' title='bbox 493 3541 648 3610; x_wconf 70' lang='lat' dir='ltr'>restores</span> <span class='ocrx_word' id='word_1_216' title='bbox 665 3539 764 3610; x_wconf 91' lang='lat' dir='ltr'>chori</span> <span class='ocrx_word' id='word_1_217' title='bbox 782 3549 930 3610; x_wconf 88' lang='lat' dir='ltr'>tenetur</span> <span class='ocrx_word' id='word_1_218' title='bbox 947 3536 1123 3609; x_wconf 86' lang='lat' dir='ltr'>instruere</span> <span class='ocrx_word' id='word_1_219' title='bbox 1137 3577 1145 3596; x_wconf 88' lang='lat'><strong>·</strong></span> <span class='ocrx_word' id='word_1_220' title='bbox 1159 3537 1256 3609; x_wconf 89' lang='lat' dir='ltr'>Item</span> <span class='ocrx_word' id='word_1_221' title='bbox 1275 3561 1401 3609; x_wconf 87' lang='lat' dir='ltr'>omnes</span> <span class='ocrx_word' id='word_1_222' title='bbox 1417 3550 1548 3611; x_wconf 84' lang='lat' dir='ltr'>cantus</span> <span class='ocrx_word' id='word_1_223' title='bbox 1560 3542 1606 3612; x_wconf 88' lang='lat' dir='ltr'>ab</span> <span class='ocrx_word' id='word_1_224' title='bbox 1619 3539 1708 3633; x_wconf 90' lang='lat' dir='ltr'>epis-</span> 
     </span>
    </p>
   </div>
   <div class='ocr_carea' id='block_1_10' title="bbox 324 3646 1705 3748">
    <p class='ocr_par' dir='ltr' id='par_1_10' title="bbox 324 3646 1705 3748">
     <span class='ocr_line' id='line_1_30' title="bbox 324 3646 1705 3748; baseline 0 -26"><span class='ocrx_word' id='word_1_225' title='bbox 324 3687 328 3694; x_wconf 95' lang='lat'>·</span> <span class='ocrx_word' id='word_1_226' title='bbox 361 3675 450 3746; x_wconf 92' lang='lat' dir='ltr'>copo</span> <span class='ocrx_word' id='word_1_227' title='bbox 464 3652 687 3744; x_wconf 91' lang='lat' dir='ltr'>incipiendos</span> <span class='ocrx_word' id='word_1_228' title='bbox 702 3646 765 3743; x_wconf 86' lang='lat' dir='ltr'>ipsr</span> <span class='ocrx_word' id='word_1_229' title='bbox 780 3647 943 3744; x_wconf 90' lang='lat' dir='ltr'>episcopo</span> <span class='ocrx_word' id='word_1_230' title='bbox 957 3653 994 3719; x_wconf 90' lang='lat' dir='ltr'>in</span> <span class='ocrx_word' id='word_1_231' title='bbox 1009 3647 1158 3742; x_wconf 90' lang='lat' dir='ltr'>persona</span> <span class='ocrx_word' id='word_1_232' title='bbox 1175 3652 1318 3743; x_wconf 88' lang='lat' dir='ltr'>propria</span> <span class='ocrx_word' id='word_1_233' title='bbox 1335 3660 1482 3723; x_wconf 86' lang='lat' dir='ltr'>tenetur</span> <span class='ocrx_word' id='word_1_234' title='bbox 1499 3654 1705 3748; x_wconf 86' lang='lat' dir='ltr'>iniungere·</span> 
     </span>
    </p>
   </div>
   <div class='ocr_carea' id='block_1_11' title="bbox 814 3872 1255 3966">
    <p class='ocr_par' dir='ltr' id='par_1_11' title="bbox 814 3872 1255 3966">
     <span class='ocr_line' id='line_1_31' title="bbox 814 3872 1255 3966; baseline -0.007 -23"><span class='ocrx_word' id='word_1_235' title='bbox 814 3873 872 3944; x_wconf 89' lang='lat' dir='ltr'>De</span> <span class='ocrx_word' id='word_1_236' title='bbox 889 3873 1006 3944; x_wconf 87' lang='lat' dir='ltr'>officio</span> <span class='ocrx_word' id='word_1_237' title='bbox 1024 3872 1227 3966; x_wconf 86' lang='lat' dir='ltr'>cancellarij</span> <span class='ocrx_word' id='word_1_238' title='bbox 1246 3915 1255 3930; x_wconf 85' lang='lat'><strong>·</strong></span> 
     </span>
    </p>
   </div>
   <div class='ocr_carea' id='block_1_12' title="bbox 74 4092 1708 4302">
    <p class='ocr_par' dir='ltr' id='par_1_12' title="bbox 74 4092 1708 4302">
     <span class='ocr_line' id='line_1_32' title="bbox 362 4092 1708 4194; baseline 0.001 -24"><span class='ocrx_word' id='word_1_239' title='bbox 362 4097 531 4170; x_wconf 86' lang='lat' dir='ltr'>Officium</span> <span class='ocrx_word' id='word_1_240' title='bbox 549 4096 753 4189; x_wconf 86' lang='lat' dir='ltr'>cancellarij</span> <span class='ocrx_word' id='word_1_241' title='bbox 772 4092 828 4194; x_wconf 66' lang='lat' dir='ltr'>est</span> <span class='ocrx_word' id='word_1_242' title='bbox 842 4097 937 4166; x_wconf 88' lang='lat' dir='ltr'>circa</span> <span class='ocrx_word' id='word_1_243' title='bbox 962 4094 1136 4166; x_wconf 92' lang='lat' dir='ltr'>librorum</span> <span class='ocrx_word' id='word_1_244' title='bbox 1153 4097 1411 4168; x_wconf 71' lang='lat' dir='ltr'>correbtionem</span> <span class='ocrx_word' id='word_1_245' title='bbox 1429 4122 1552 4170; x_wconf 89' lang='lat' dir='ltr'>curam</span> <span class='ocrx_word' id='word_1_246' title='bbox 1569 4102 1708 4193; x_wconf 88' lang='lat' dir='ltr'>impen-</span> 
     </span>
     <span class='ocr_line' id='line_1_33' title="bbox 74 4205 1707 4302; baseline -0.001 -19"><span class='ocrx_word' id='word_1_247' title='bbox 74 4227 179 4295; x_wconf 63' lang='lat' dir='ltr'>etctut</span> <span class='ocrx_word' id='word_1_248' title='bbox 191 4227 349 4284; x_wconf 71' lang='lat' dir='ltr'>cummunis</span> <span class='ocrx_word' id='word_1_249' title='bbox 362 4211 448 4280; x_wconf 87' lang='lat' dir='ltr'>dere</span> <span class='ocrx_word' id='word_1_250' title='bbox 474 4209 645 4280; x_wconf 72' lang='lat' dir='ltr'>leitiones</span> <span class='ocrx_word' id='word_1_251' title='bbox 667 4207 844 4280; x_wconf 88' lang='lat' dir='ltr'>ascultare</span> <span class='ocrx_word' id='word_1_252' title='bbox 861 4217 900 4278; x_wconf 89' lang='lat' dir='ltr'>et</span> <span class='ocrx_word' id='word_1_253' title='bbox 917 4209 1114 4279; x_wconf 88' lang='lat' dir='ltr'>terminare</span> <span class='ocrx_word' id='word_1_254' title='bbox 1131 4245 1140 4262; x_wconf 93' lang='lat'><strong>·</strong></span> <span class='ocrx_word' id='word_1_255' title='bbox 1157 4205 1315 4302; x_wconf 76' lang='lat' dir='ltr'>sigillum</span> <span class='ocrx_word' id='word_1_256' title='bbox 1341 4231 1534 4281; x_wconf 89' lang='lat' dir='ltr'>commune</span> <span class='ocrx_word' id='word_1_257' title='bbox 1559 4210 1707 4283; x_wconf 76' lang='lat' dir='ltr'>ecclesie</span> 
     </span>
    </p>
   </div>
   <div class='ocr_carea' id='block_1_13' title="bbox 363 4311 1708 4639">
    <p class='ocr_par' dir='ltr' id='par_1_13' title="bbox 363 4311 1708 4639">
     <span class='ocr_line' id='line_1_34' title="bbox 363 4311 1707 4415; baseline 0.003 -25"><span class='ocrx_word' id='word_1_258' title='bbox 363 4321 610 4415; x_wconf 88' lang='lat' dir='ltr'>principaliter</span> <span class='ocrx_word' id='word_1_259' title='bbox 633 4317 842 4392; x_wconf 87' lang='lat' dir='ltr'>custodire·</span> <span class='ocrx_word' id='word_1_260' title='bbox 866 4320 919 4391; x_wconf 84' lang='lat' dir='ltr'>ita</span> <span class='ocrx_word' id='word_1_261' title='bbox 941 4311 1065 4391; x_wconf 81' lang='lat' dir='ltr'>tamen</span> <span class='ocrx_word' id='word_1_262' title='bbox 1091 4321 1187 4410; x_wconf 91' lang='lat' dir='ltr'>quod</span> <span class='ocrx_word' id='word_1_263' title='bbox 1213 4319 1304 4390; x_wconf 91' lang='lat' dir='ltr'>illud</span> <span class='ocrx_word' id='word_1_264' title='bbox 1334 4322 1373 4391; x_wconf 94' lang='lat' dir='ltr'>in</span> <span class='ocrx_word' id='word_1_265' title='bbox 1399 4320 1619 4394; x_wconf 78' lang='lat' dir='ltr'>thesauraria</span> <span class='ocrx_word' id='word_1_266' title='bbox 1643 4323 1707 4394; x_wconf 82' lang='lat' dir='ltr'>iub</span> 
     </span>
     <span class='ocr_line' id='line_1_35' title="bbox 364 4428 1708 4524; baseline 0.001 -20"><span class='ocrx_word' id='word_1_267' title='bbox 364 4435 500 4504; x_wconf 85' lang='lat' dir='ltr'>l&#39;errura</span> <span class='ocrx_word' id='word_1_268' title='bbox 530 4432 664 4524; x_wconf 91' lang='lat' dir='ltr'>duplici</span> <span class='ocrx_word' id='word_1_269' title='bbox 696 4428 896 4524; x_wconf 76' lang='lat' dir='ltr'>depositum</span> <span class='ocrx_word' id='word_1_270' title='bbox 927 4431 1136 4502; x_wconf 88' lang='lat' dir='ltr'>recludetur</span> <span class='ocrx_word' id='word_1_271' title='bbox 1162 4454 1313 4523; x_wconf 90' lang='lat' dir='ltr'>quarum</span> <span class='ocrx_word' id='word_1_272' title='bbox 1341 4429 1559 4505; x_wconf 85' lang='lat' dir='ltr'>serrurarum</span> <span class='ocrx_word' id='word_1_273' title='bbox 1587 4433 1708 4506; x_wconf 85' lang='lat' dir='ltr'>claues</span> 
     </span>
     <span class='ocr_line' id='line_1_36' title="bbox 364 4539 1706 4639; baseline 0.001 -24"><span class='ocrx_word' id='word_1_274' title='bbox 364 4567 475 4639; x_wconf 92' lang='lat' dir='ltr'>penes</span> <span class='ocrx_word' id='word_1_275' title='bbox 494 4545 669 4615; x_wconf 91' lang='lat' dir='ltr'>decanum</span> <span class='ocrx_word' id='word_1_276' title='bbox 688 4567 758 4614; x_wconf 88' lang='lat' dir='ltr'>vna</span> <span class='ocrx_word' id='word_1_277' title='bbox 775 4553 813 4614; x_wconf 91' lang='lat' dir='ltr'>et</span> <span class='ocrx_word' id='word_1_278' title='bbox 831 4565 942 4636; x_wconf 83' lang='lat' dir='ltr'>penes</span> <span class='ocrx_word' id='word_1_279' title='bbox 959 4542 1220 4615; x_wconf 86' lang='lat' dir='ltr'>thesaurarium</span> <span class='ocrx_word' id='word_1_280' title='bbox 1246 4543 1315 4628; x_wconf 83' lang='lat' dir='ltr'>alia</span> <span class='ocrx_word' id='word_1_281' title='bbox 1339 4539 1572 4616; x_wconf 80' lang='lat' dir='ltr'>residebunt·</span> <span class='ocrx_word' id='word_1_282' title='bbox 1592 4543 1706 4639; x_wconf 90' lang='lat' dir='ltr'>ipsum</span> 
     </span>
    </p>
   </div>
   <div class='ocr_carea' id='block_1_14' title="bbox 0 0 2037 5534">
    <p class='ocr_par' dir='ltr' id='par_1_14' title="bbox 0 0 2037 5534">
     <span class='ocr_line' id='line_1_37' title="bbox 0 0 2037 5534; baseline 0 0"><span class='ocrx_word' id='word_1_283' title='bbox 0 0 2037 5534; x_wconf 95' lang='lat' dir='ltr'> </span> 
     </span>
    </p>
   </div>
  </div>
 </body>
</html>
